@ARTICLE{Gaspari2013,
       author = {{Gaspari}, M. and {Ruszkowski}, M. and {Oh}, S. Peng},
        title = "{Chaotic cold accretion on to black holes}",
      journal = {\mnras},
     keywords = {black hole physics, hydrodynamics, instabilities, turbulence, methods: numerical, galaxies: ISM, Astrophysics - Cosmology and Nongalactic Astrophysics, Astrophysics - High Energy Astrophysical Phenomena},
         year = "2013",
        month = "Jul",
       volume = {432},
       number = {4},
        pages = {3401-3422},
          doi = {10.1093/mnras/stt692},
archivePrefix = {arXiv},
       eprint = {1301.3130},
 primaryClass = {astro-ph.CO},
       adsurl = {https://ui.adsabs.harvard.edu/abs/2013MNRAS.432.3401G},
      adsnote = {Provided by the SAO/NASA Astrophysics Data System}
}

@ARTICLE{Rose2019,
       author = {{Rose}, Tom and {Edge}, A.~C. and {Combes}, F. and {Gaspari}, M. and
         {Hamer}, S. and {Nesvadba}, N. and {Peck}, A.~B. and {Sarazin}, C. and
         {Tremblay}, G.~R. and {Baum}, S.~A. and {Bremer}, M.~N. and
         {McNamara}, B.~R. and {O'Dea}, C. and {Oonk}, J.~B.~R. and
         {Russell}, H. and {Salom{\'e}}, P. and {Donahue}, M. and
         {Fabian}, A.~C. and {Ferland}, G. and {Mittal}, R. and {Vantyghem}, A.},
        title = "{Constraining cold accretion on to supermassive black holes: molecular gas in the cores of eight brightest cluster galaxies revealed by joint CO and CN absorption}",
      journal = {\mnras},
     keywords = {galaxies: active, galaxies: clusters: general, galaxies: ISM, radio continuum: galaxies, radio lines: ISM, Astrophysics - Astrophysics of Galaxies},
         year = "2019",
        month = "Oct",
       volume = {489},
       number = {1},
        pages = {349-365},
          doi = {10.1093/mnras/stz2138},
archivePrefix = {arXiv},
       eprint = {1907.13526},
 primaryClass = {astro-ph.GA},
       adsurl = {https://ui.adsabs.harvard.edu/abs/2019MNRAS.489..349R},
      adsnote = {Provided by the SAO/NASA Astrophysics Data System}
}

@ARTICLE{Ruffa2019,
       author = {{Ruffa}, Ilaria and {Prandoni}, Isabella and {Laing}, Robert A. and
         {Paladino}, Rosita and {Parma}, Paola and {de Ruiter}, Hans and
         {Mignano}, Arturo and {Davis}, Timothy A. and {Bureau}, Martin and
         {Warren}, Joshua},
        title = "{The AGN fuelling/feedback cycle in nearby radio galaxies I. ALMA observations and early results}",
      journal = {\mnras},
     keywords = {galaxies: active, galaxies: elliptical and lenticular, cD, galaxies: ISM, galaxies: jets, galaxies: nuclei, Astrophysics - Astrophysics of Galaxies},
         year = "2019",
        month = "Apr",
       volume = {484},
       number = {3},
        pages = {4239-4259},
          doi = {10.1093/mnras/stz255},
archivePrefix = {arXiv},
       eprint = {1901.07513},
 primaryClass = {astro-ph.GA},
       adsurl = {https://ui.adsabs.harvard.edu/abs/2019MNRAS.484.4239R},
      adsnote = {Provided by the SAO/NASA Astrophysics Data System}
}

@ARTICLE{Tremblay2016,
       author = {{Tremblay}, Grant R. and {Oonk}, J.~B. Raymond and
         {Combes}, Fran{\c{c}}oise and {Salom{\'e}}, Philippe and
         {O'Dea}, Christopher P. and {Baum}, Stefi A. and {Voit}, G. Mark and
         {Donahue}, Megan and {McNamara}, Brian R. and {Davis}, Timothy A. and
         {McDonald}, Michael A. and {Edge}, Alastair C. and {Clarke}, Tracy E. and
         {Galv{\'a}n-Madrid}, Roberto and {Bremer}, Malcolm N. and
         {Edwards}, Louise O.~V. and {Fabian}, Andrew C. and {Hamer}, Stephen and
         {Li}, Yuan and {Maury}, Ana{\"e}lle and {Russell}, Helen R. and
         {Quillen}, Alice C. and {Urry}, C. Megan and {Sanders}, Jeremy S. and
         {Wise}, Michael W.},
        title = "{Cold, clumpy accretion onto an active supermassive black hole}",
      journal = {\nat},
     keywords = {Astrophysics - Astrophysics of Galaxies, Astrophysics - High Energy Astrophysical Phenomena},
         year = "2016",
        month = "Jun",
       volume = {534},
       number = {7606},
        pages = {218-221},
          doi = {10.1038/nature17969},
archivePrefix = {arXiv},
       eprint = {1606.02304},
 primaryClass = {astro-ph.GA},
       adsurl = {https://ui.adsabs.harvard.edu/abs/2016Natur.534..218T},
      adsnote = {Provided by the SAO/NASA Astrophysics Data System}
}

@ARTICLE{David2014,
       author = {{David}, Laurence P. and {Lim}, Jeremy and {Forman}, William and
         {Vrtilek}, Jan and {Combes}, Francoise and {Salome}, Philippe and
         {Edge}, Alastair and {Hamer}, Stephen and {Jones}, Christine and
         {Sun}, Ming and {O'Sullivan}, Ewan and {Gastaldello}, Fabio and
         {Bardelli}, Sandro and {Temi}, Pasquale and {Schmitt}, Henrique and
         {Ohyama}, Youichi and {Mathews}, William and {Brighenti}, Fabrizio and
         {Giacintucci}, Simona and {Trung}, Dinh-V.},
        title = "{Molecular Gas in the X-Ray Bright Group NGC 5044 as Revealed by ALMA}",
      journal = {\apj},
     keywords = {galaxies: active, galaxies: clusters: general, galaxies: groups: individual: NGC 5044, galaxies: ISM, Astrophysics - Astrophysics of Galaxies},
         year = "2014",
        month = "Sep",
       volume = {792},
       number = {2},
          eid = {94},
        pages = {94},
          doi = {10.1088/0004-637X/792/2/94},
archivePrefix = {arXiv},
       eprint = {1407.3235},
 primaryClass = {astro-ph.GA},
       adsurl = {https://ui.adsabs.harvard.edu/abs/2014ApJ...792...94D},
      adsnote = {Provided by the SAO/NASA Astrophysics Data System}
}