@ARTICLE{heckman2014,
       author = {{Heckman}, Timothy M. and {Best}, Philip N.},
        title = "{The Coevolution of Galaxies and Supermassive Black Holes: Insights from Surveys of the Contemporary Universe}",
      journal = {\araa},
     keywords = {Astrophysics - Astrophysics of Galaxies, Astrophysics - Cosmology and Nongalactic Astrophysics, Astrophysics - High Energy Astrophysical Phenomena},
         year = "2014",
        month = "Aug",
       volume = {52},
        pages = {589-660},
          doi = {10.1146/annurev-astro-081913-035722},
archivePrefix = {arXiv},
       eprint = {1403.4620},
 primaryClass = {astro-ph.GA},
       adsurl = {https://ui.adsabs.harvard.edu/abs/2014ARA&A..52..589H},
      adsnote = {Provided by the SAO/NASA Astrophysics Data System}
}

@ARTICLE{Fabian2012,
       author = {{Fabian}, A.~C.},
        title = "{Observational Evidence of Active Galactic Nuclei Feedback}",
      journal = {\araa},
     keywords = {Astrophysics - Cosmology and Nongalactic Astrophysics, Astrophysics - High Energy Astrophysical Phenomena},
         year = "2012",
        month = "Sep",
       volume = {50},
        pages = {455-489},
          doi = {10.1146/annurev-astro-081811-125521},
archivePrefix = {arXiv},
       eprint = {1204.4114},
 primaryClass = {astro-ph.CO},
       adsurl = {https://ui.adsabs.harvard.edu/abs/2012ARA&A..50..455F},
      adsnote = {Provided by the SAO/NASA Astrophysics Data System}
}

@ARTICLE{kormendy2013,
       author = {{Kormendy}, John and {Ho}, Luis C.},
        title = "{Coevolution (Or Not) of Supermassive Black Holes and Host Galaxies}",
      journal = {\araa},
     keywords = {Astrophysics - Cosmology and Nongalactic Astrophysics},
         year = "2013",
        month = "Aug",
       volume = {51},
       number = {1},
        pages = {511-653},
          doi = {10.1146/annurev-astro-082708-101811},
archivePrefix = {arXiv},
       eprint = {1304.7762},
 primaryClass = {astro-ph.CO},
       adsurl = {https://ui.adsabs.harvard.edu/abs/2013ARA&A..51..511K},
      adsnote = {Provided by the SAO/NASA Astrophysics Data System}
}

@ARTICLE{BaadeMinkowski1954,
       author = {{Baade}, W. and {Minkowski}, R.},
        title = "{Identification of the Radio Sources in Cassiopeia, Cygnus A, and Puppis A.}",
      journal = {\apj},
         year = "1954",
        month = "Jan",
       volume = {119},
        pages = {206},
          doi = {10.1086/145812},
       adsurl = {https://ui.adsabs.harvard.edu/abs/1954ApJ...119..206B},
      adsnote = {Provided by the SAO/NASA Astrophysics Data System}
}

@ARTICLE{Seymour2007,
       author = {{Seymour}, Nick and {Stern}, Daniel and {De Breuck}, Carlos and
         {Vernet}, Joel and {Rettura}, Alessandro and {Dickinson}, Mark and
         {Dey}, Arjun and {Eisenhardt}, Peter and {Fosbury}, Robert and
         {Lacy}, Mark and {McCarthy}, Pat and {Miley}, George and
         {Rocca-Volmerange}, Brigitte and {R{\"o}ttgering}, Huub and
         {Stanford}, S. Adam and {Teplitz}, Harry and {van Breugel}, Wil and
         {Zirm}, Andrew},
        title = "{The Massive Hosts of Radio Galaxies across Cosmic Time}",
      journal = {\apjs},
     keywords = {Galaxies: Active, Galaxies: Evolution, Galaxies: High-Redshift, Astrophysics},
         year = "2007",
        month = "Aug",
       volume = {171},
       number = {2},
        pages = {353-375},
          doi = {10.1086/517887},
archivePrefix = {arXiv},
       eprint = {astro-ph/0703224},
 primaryClass = {astro-ph},
       adsurl = {https://ui.adsabs.harvard.edu/abs/2007ApJS..171..353S},
      adsnote = {Provided by the SAO/NASA Astrophysics Data System}
}

@ARTICLE{Jansky1933a,
       author = {{Jansky}, Karl G.},
        title = "{Radio Waves from Outside the Solar System}",
      journal = {\nat},
         year = "1933",
        month = "Jul",
       volume = {132},
       number = {3323},
        pages = {66},
          doi = {10.1038/132066a0},
       adsurl = {https://ui.adsabs.harvard.edu/abs/1933Natur.132...66J},
      adsnote = {Provided by the SAO/NASA Astrophysics Data System}
}

@ARTICLE{Jansky1933b,
       author = {{Jansky}, Karl G.},
        title = "{Electrical phenomena that apparently are of interstellar origin}",
      journal = {Popular Astronomy},
         year = "1933",
        month = "Dec",
       volume = {41},
        pages = {548-555},
       adsurl = {https://ui.adsabs.harvard.edu/abs/1933PA.....41..548J},
      adsnote = {Provided by the SAO/NASA Astrophysics Data System}
}

@ARTICLE{reber1940,
       author = {{Reber}, Grote},
        title = "{Notes: Cosmic Static.}",
      journal = {\apj},
     keywords = {radio astronomy, galaxy},
         year = "1940",
        month = "Jun",
       volume = {91},
        pages = {621-624},
          doi = {10.1086/144197},
       adsurl = {https://ui.adsabs.harvard.edu/abs/1940ApJ....91..621R},
      adsnote = {Provided by the SAO/NASA Astrophysics Data System}
}

@ARTICLE{McCarthy1993,
       author = {{McCarthy}, Patrick J.},
        title = "{Distant Radio Galaxies in the Near-IR}",
      journal = {\pasp},
     keywords = {Astrometry, Near Infrared Radiation, Radio Galaxies, Radio Sources (Astronomy), Sky Surveys (Astronomy), Star Formation, Astronomical Photometry, Cosmology, Red Shift, Southern Hemisphere, Astrophysics, INFRARED: GALAXIES},
         year = "1993",
        month = "Sep",
       volume = {105},
        pages = {1051},
          doi = {10.1086/133281},
       adsurl = {https://ui.adsabs.harvard.edu/abs/1993PASP..105.1051M},
      adsnote = {Provided by the SAO/NASA Astrophysics Data System}
}

@Article{rocca-volmerange2004, 
author = {{Rocca-Volmerange}, B. and {Le Borgne}, D. and {De Breuck}, C. and 
	{Fioc}, M. and {Moy}, E.},
    title = "{The radio galaxy K-z relation: The 10$^{12}$ M$_{âŠ™}$ mass limit. Masses of galaxies from the L$_{K}$ luminosity, up to z $\gt$ 4}",
  journal = {\aap},
   eprint = {astro-ph/0311490},
 keywords = {galaxies: evolution, galaxies: fundamental parameters, galaxies: distances and redshifts, cosmology: observations},
     year = 2004,
    month = mar,
   volume = 415,
    pages = {931-940},
      doi = {10.1051/0004-6361:20031717},
   adsurl = {http://adsabs.harvard.edu/abs/2004A%26A...415..931R},
  adsnote = {Provided by the SAO/NASA Astrophysics Data System}
}

@ARTICLE{Jarvis2001,
       author = {{Jarvis}, Matt J. and {Rawlings}, Steve and {Eales}, Steve and
        {Blundell}, Katherine M. and {Bunker}, Andrew J. and {Croft},
        Steve and {McLure}, Ross J. and {Willott}, Chris J.},
        title = "{A sample of 6C radio sources designed to find objects at redshift z\&gt;4 - III. Imaging and the radio galaxy K-z relation}",
      journal = {\mnras},
     keywords = {galaxies: active, galaxies: evolution, galaxies: formation, Astrophysics},
         year = 2001,
        month = Oct,
       volume = {326},
        pages = {1585-1600},
          doi = {10.1111/j.1365-2966.2001.04730.x},
archivePrefix = {arXiv},
       eprint = {astro-ph/0106130},
 primaryClass = {astro-ph},
       adsurl = {https://ui.adsabs.harvard.edu/\#abs/2001MNRAS.326.1585J},
      adsnote = {Provided by the SAO/NASA Astrophysics Data System}
}

@ARTICLE{MileyDeBreuck2008,
       author = {{Miley}, George and {De Breuck}, Carlos},
        title = "{Distant radio galaxies and their environments}",
      journal = {\aapr},
     keywords = {Radio galaxies, High-redshift, Massive galaxies, Clusters, Astrophysics},
         year = "2008",
        month = "Feb",
       volume = {15},
       number = {2},
        pages = {67-144},
          doi = {10.1007/s00159-007-0008-z},
archivePrefix = {arXiv},
       eprint = {0802.2770},
 primaryClass = {astro-ph},
       adsurl = {https://ui.adsabs.harvard.edu/abs/2008A&ARv..15...67M},
      adsnote = {Provided by the SAO/NASA Astrophysics Data System}
}

@ARTICLE{Waddington1999,
       author = {{Waddington}, I. and {Windhorst}, R.~A. and {Cohen}, S.~H. and
         {Partridge}, R.~B. and {Spinrad}, H. and {Stern}, D.},
        title = "{NICMOS Imaging of the Dusty Microjansky Radio Source VLA J123642+621331 at z = 4.424}",
      journal = {\apj},
     keywords = {GALAXIES: ACTIVE, GALAXIES: EVOLUTION, GALAXIES: INDIVIDUAL: ALPHANUMERIC: VLA J123642+621331, GALAXIES: STARBURST, Galaxies: Active, Galaxies: Evolution, Galaxies: Individual: Alphanumeric: VLA J123642+621331, Galaxies: Starburst, Astrophysics},
         year = "1999",
        month = "Dec",
       volume = {526},
       number = {2},
        pages = {L77-L80},
          doi = {10.1086/312375},
archivePrefix = {arXiv},
       eprint = {astro-ph/9910069},
 primaryClass = {astro-ph},
       adsurl = {https://ui.adsabs.harvard.edu/abs/1999ApJ...526L..77W},
      adsnote = {Provided by the SAO/NASA Astrophysics Data System}
}

@ARTICLE{VanBreugel1999,
       author = {{van Breugel}, Wil and {De Breuck}, Carlos and {Stanford}, S.~A. and
         {Stern}, Daniel and {R{\"o}ttgering}, Huub and {Miley}, George},
        title = "{A Radio Galaxy at z = 5.19}",
      journal = {\apj},
     keywords = {COSMOLOGY: EARLY UNIVERSE, GALAXIES: ACTIVE, GALAXIES: DISTANCES AND REDSHIFTS, GALAXIES: FORMATION, GALAXIES: INDIVIDUAL: ALPHANUMERIC: TN J0924-2201, Cosmology: Early Universe, Galaxies: Active, Galaxies: Distances and Redshifts, Galaxies: Formation, Galaxies: Individual: Alphanumeric: TN J0924-2201, Astrophysics},
         year = "1999",
        month = "Jun",
       volume = {518},
       number = {2},
        pages = {L61-L64},
          doi = {10.1086/312080},
archivePrefix = {arXiv},
       eprint = {astro-ph/9904272},
 primaryClass = {astro-ph},
       adsurl = {https://ui.adsabs.harvard.edu/abs/1999ApJ...518L..61V},
      adsnote = {Provided by the SAO/NASA Astrophysics Data System}
}

@ARTICLE{Jarvis2009,
       author = {{Jarvis}, Matt J. and {Teimourian}, Hanifa and {Simpson}, Chris and
         {Smith}, Daniel J.~B. and {Rawlings}, Steve and {Bonfield}, David},
        title = "{The discovery of a typical radio galaxy at z = 4.88}",
      journal = {\mnras},
     keywords = {galaxies: formation, galaxies: high-redshift, galaxies: individual: J163912.11+405236.5, radio continuum: galaxies, Astrophysics - Cosmology and Nongalactic Astrophysics, Astrophysics - Astrophysics of Galaxies},
         year = "2009",
        month = "Sep",
       volume = {398},
       number = {1},
        pages = {L83-L87},
          doi = {10.1111/j.1745-3933.2009.00715.x},
archivePrefix = {arXiv},
       eprint = {0907.1447},
 primaryClass = {astro-ph.CO},
       adsurl = {https://ui.adsabs.harvard.edu/abs/2009MNRAS.398L..83J},
      adsnote = {Provided by the SAO/NASA Astrophysics Data System}
}

@ARTICLE{Saxena2018,
       author = {{Saxena}, A. and {Marinello}, M. and {Overzier}, R.~A. and
         {Best}, P.~N. and {R{\"o}ttgering}, H.~J.~A. and {Duncan}, K.~J. and
         {Prandoni}, I. and {Pentericci}, L. and {Magliocchetti}, M. and
         {Paris}, D.},
        title = "{Discovery of a radio galaxy at z = 5.72}",
      journal = {\mnras},
     keywords = {galaxies: high-redshift, galaxies: individual: TGSS J1530+1049, Astrophysics - Astrophysics of Galaxies},
         year = "2018",
        month = "Oct",
       volume = {480},
       number = {2},
        pages = {2733-2742},
          doi = {10.1093/mnras/sty1996},
archivePrefix = {arXiv},
       eprint = {1806.01191},
 primaryClass = {astro-ph.GA},
       adsurl = {https://ui.adsabs.harvard.edu/abs/2018MNRAS.480.2733S},
      adsnote = {Provided by the SAO/NASA Astrophysics Data System}
}

@ARTICLE{LillyLongair1984,
       author = {{Lilly}, S.~J. and {Longair}, M.~S.},
        title = "{Stellar populations in distant radio galaxies.}",
      journal = {\mnras},
     keywords = {Infrared Astronomy, Radio Astronomy, Radio Galaxies, Red Shift, Star Distribution, Elliptical Galaxies, Hertzsprung-Russell Diagram, Stellar Color, Stellar Magnitude, Stellar Spectrophotometry, Astronomy},
         year = "1984",
        month = "Dec",
       volume = {211},
        pages = {833-855},
          doi = {10.1093/mnras/211.4.833},
       adsurl = {https://ui.adsabs.harvard.edu/abs/1984MNRAS.211..833L},
      adsnote = {Provided by the SAO/NASA Astrophysics Data System}
}

@ARTICLE{Willott2003,
       author = {{Willott}, Chris J. and {Rawlings}, Steve and {Jarvis}, Matt J. and
         {Blundell}, Katherine M.},
        title = "{Near-infrared imaging and the K-z relation for radio galaxies in the 7C Redshift Survey}",
      journal = {\mnras},
     keywords = {galaxies: active, galaxies: evolution, galaxies: formation, radio continuum: galaxies, Astrophysics},
         year = "2003",
        month = "Feb",
       volume = {339},
       number = {1},
        pages = {173-188},
          doi = {10.1046/j.1365-8711.2003.06172.x},
archivePrefix = {arXiv},
       eprint = {astro-ph/0209439},
 primaryClass = {astro-ph},
       adsurl = {https://ui.adsabs.harvard.edu/abs/2003MNRAS.339..173W},
      adsnote = {Provided by the SAO/NASA Astrophysics Data System}
}

@ARTICLE{MadauDickinson2014,
       author = {{Madau}, Piero and {Dickinson}, Mark},
        title = "{Cosmic Star-Formation History}",
      journal = {\araa},
     keywords = {Astrophysics - Cosmology and Nongalactic Astrophysics},
         year = "2014",
        month = "Aug",
       volume = {52},
        pages = {415-486},
          doi = {10.1146/annurev-astro-081811-125615},
archivePrefix = {arXiv},
       eprint = {1403.0007},
 primaryClass = {astro-ph.CO},
       adsurl = {https://ui.adsabs.harvard.edu/abs/2014ARA&A..52..415M},
      adsnote = {Provided by the SAO/NASA Astrophysics Data System}
}

@ARTICLE{Lacy1994a,
       author = {{Lacy}, M. and {Miley}, G. and {Rawlings}, S. and {Saunders}, R. and
         {Dickinson}, M. and {Garrington}, S. and {Maddox}, S. and {Pooley}, G. and
         {Steidel}, C.~C. and {Bremer}, M.~N.},
        title = "{8C 1435+635: a radio galaxy at z = 4.25.}",
      journal = {\mnras},
     keywords = {Radio Galaxies: Redshifts, Radio Galaxies: Gravitational Lenses},
         year = "1994",
        month = "Nov",
       volume = {271},
        pages = {504-512},
          doi = {10.1093/mnras/271.2.504},
       adsurl = {https://ui.adsabs.harvard.edu/abs/1994MNRAS.271..504L},
      adsnote = {Provided by the SAO/NASA Astrophysics Data System}
}

@ARTICLE{Miley1989,
       author = {{Miley}, G. and {Chambers}, K. and {Hunstead}, R. and {Macchetto}, F. and
         {Roland}, J. and {Roettgering}, H.~J.~A. and {Schilizzi}, R.~T.},
        title = "{A study of the most distant radio galaxies. Profile of a key programme.}",
      journal = {The Messenger},
     keywords = {Radio Galaxies: Distances, Radio Galaxies: Lyman Alpha},
         year = "1989",
        month = "Jun",
       volume = {56},
        pages = {16-18},
       adsurl = {https://ui.adsabs.harvard.edu/abs/1989Msngr..56...16M},
      adsnote = {Provided by the SAO/NASA Astrophysics Data System}
}


@ARTICLE{Best2005,
       author = {{Best}, P.~N. and {Kauffmann}, G. and {Heckman}, T.~M. and
         {Ivezi{\'c}}, {\v{Z}}.},
        title = "{A sample of radio-loud active galactic nuclei in the Sloan Digital Sky Survey}",
      journal = {\mnras},
     keywords = {surveys, galaxies: active, galaxies: evolution, galaxies: luminosity function, mass function, galaxies: starburst, radio continuum: galaxies, Astrophysics},
         year = "2005",
        month = "Sep",
       volume = {362},
       number = {1},
        pages = {9-24},
          doi = {10.1111/j.1365-2966.2005.09283.x},
archivePrefix = {arXiv},
       eprint = {astro-ph/0506268},
 primaryClass = {astro-ph},
       adsurl = {https://ui.adsabs.harvard.edu/abs/2005MNRAS.362....9B},
      adsnote = {Provided by the SAO/NASA Astrophysics Data System}
}

@ARTICLE{Wilson1995,
       author = {{Wilson}, A.~S. and {Colbert}, E.~J.~M.},
        title = "{The Difference between Radio-loud and Radio-quiet Active Galaxies}",
      journal = {\apj},
     keywords = {Active Galactic Nuclei, Black Holes (Astronomy), Luminosity, Radio Jets (Astronomy), Cosmology, Interacting Galaxies, Quasars, Radio Astronomy, Astrophysics, BLACK HOLE PHYSICS, GALAXIES: ACTIVE, GALAXIES: INTERACTIONS, GALAXIES: NUCLEI, GALAXIES: QUASARS: GENERAL, RADIO CONTINUUM: GALAXIES, Astrophysics},
         year = "1995",
        month = "Jan",
       volume = {438},
        pages = {62},
          doi = {10.1086/175054},
archivePrefix = {arXiv},
       eprint = {astro-ph/9408005},
 primaryClass = {astro-ph},
       adsurl = {https://ui.adsabs.harvard.edu/abs/1995ApJ...438...62W},
      adsnote = {Provided by the SAO/NASA Astrophysics Data System}
}

@ARTICLE{Morabito2018,
       author = {{Morabito}, Leah K. and {Harwood}, Jeremy J.},
        title = "{Investigating the cause of the {\ensuremath{\alpha}}-z relation}",
      journal = {\mnras},
     keywords = {acceleration of particles, radiation mechanisms: non-thermal, galaxies: active, galaxies: jets, radio continuum: galaxies, Astrophysics - Astrophysics of Galaxies, Astrophysics - Cosmology and Nongalactic Astrophysics},
         year = "2018",
        month = "Oct",
       volume = {480},
       number = {2},
        pages = {2726-2732},
          doi = {10.1093/mnras/sty2019},
archivePrefix = {arXiv},
       eprint = {1807.09793},
 primaryClass = {astro-ph.GA},
       adsurl = {https://ui.adsabs.harvard.edu/abs/2018MNRAS.480.2726M},
      adsnote = {Provided by the SAO/NASA Astrophysics Data System}
}

@ARTICLE{Best1998b,
       author = {{Best}, P.~N. and {Longair}, M.~S. and {Roettgering}, H.~J.~A.},
        title = "{HST, radio and infrared observations of 28 3CR radio galaxies at redshift z\raisebox{-0.5ex}\textasciitilde1 - II. Old stellar populations in central cluster galaxies}",
      journal = {\mnras},
     keywords = {Hubble Space Telescope, Radio Galaxies, Infrared Astronomy, Radio Astronomy, Red Shift, Galactic Clusters, Star Distribution, Infrared Imagery, Spectral Energy Distribution, Spectral Emission, Stellar Magnitude, Stellar Evolution, Astronomy, GALAXIES: ACTIVE, GALAXIES: EVOLUTION, GALAXIES: FUNDAMENTAL PARAMETERS, INFRARED: GALAXIES, RADIO CONTINUUM: GALAXIES, Astrophysics},
         year = "1998",
        month = "Apr",
       volume = {295},
       number = {3},
        pages = {549-567},
          doi = {10.1046/j.1365-8711.1998.01245.x},
archivePrefix = {arXiv},
       eprint = {astro-ph/9709195},
 primaryClass = {astro-ph},
       adsurl = {https://ui.adsabs.harvard.edu/abs/1998MNRAS.295..549B},
      adsnote = {Provided by the SAO/NASA Astrophysics Data System}
}


@ARTICLE{McLureDunlop2000,
       author = {{McLure}, R.~J. and {Dunlop}, J.~S.},
        title = "{The evolution of 3CR radio galaxies from z1}",
      journal = {\mnras},
     keywords = {GALAXIES: ACTIVE, GALAXIES: EVOLUTION, GALAXIES: FUNDAMENTAL PARAMETERS, Astrophysics},
         year = "2000",
        month = "Sep",
       volume = {317},
       number = {2},
        pages = {249-258},
          doi = {10.1046/j.1365-8711.2000.03509.x},
archivePrefix = {arXiv},
       eprint = {astro-ph/9908214},
 primaryClass = {astro-ph},
       adsurl = {https://ui.adsabs.harvard.edu/abs/2000MNRAS.317..249M},
      adsnote = {Provided by the SAO/NASA Astrophysics Data System}
}

@ARTICLE{falkendal2019,
       author = {{Falkendal}, Theresa and {De Breuck}, Carlos and {Lehnert}, Matthew D. and
         {Drouart}, Guillaume and {Vernet}, Jo{\"e}l and {Emonts}, Bjorn and
         {Lee}, Minju and {Nesvadba}, Nicole P.~H. and {Seymour}, Nick and
         {B{\'e}thermin}, Matthieu},
        title = "{Massive galaxies on the road to quenching: ALMA observations of powerful high redshift radio galaxies}",
      journal = {\aap},
     keywords = {galaxies: active, galaxies: high-redshift, galaxies: jets, galaxies: ISM, galaxies: evolution, galaxies: star formation, Astrophysics - Astrophysics of Galaxies},
         year = "2019",
        month = "Jan",
       volume = {621},
          eid = {A27},
        pages = {A27},
          doi = {10.1051/0004-6361/201732485},
archivePrefix = {arXiv},
       eprint = {1809.09427},
 primaryClass = {astro-ph.GA},
       adsurl = {https://ui.adsabs.harvard.edu/abs/2019A&A...621A..27F},
      adsnote = {Provided by the SAO/NASA Astrophysics Data System}
}

@ARTICLE{Drouart2014,
       author = {{Drouart}, G. and {De Breuck}, C. and {Vernet}, J. and {Seymour}, N. and
         {Lehnert}, M. and {Barthel}, P. and {Bauer}, F.~E. and {Ibar}, E. and
         {Galametz}, A. and {Haas}, M.},
        title = "{Rapidly growing black holes and host galaxies in the distant Universe from the Herschel Radio Galaxy Evolution Project}",
      journal = {\aap},
     keywords = {galaxies: active, quasars: general, galaxies: high-redshift, galaxies: evolution, quasars: supermassive black holes, infrared: galaxies, Astrophysics - Astrophysics of Galaxies, Astrophysics - Cosmology and Nongalactic Astrophysics},
         year = "2014",
        month = "Jun",
       volume = {566},
          eid = {A53},
        pages = {A53},
          doi = {10.1051/0004-6361/201323310},
archivePrefix = {arXiv},
       eprint = {1404.1080},
 primaryClass = {astro-ph.GA},
       adsurl = {https://ui.adsabs.harvard.edu/abs/2014A&A...566A..53D},
      adsnote = {Provided by the SAO/NASA Astrophysics Data System}
}

@ARTICLE{Shklovskii1953,
       author = {{Shklovskii}, I.~S.},
      journal = {Akademiia Nauk SSSR Doklady},
         year = "1953",
        month = "Jan",
       volume = {90},
        pages = {983},
       adsurl = {https://ui.adsabs.harvard.edu/abs/1953DoSSR..90..983S},
      adsnote = {Provided by the SAO/NASA Astrophysics Data System}
}

@ARTICLE{Moffet1966,
       author = {{Moffet}, Alan T.},
        title = "{The Structure of Radio Galaxies}",
      journal = {\araa},
         year = "1966",
        month = "Jan",
       volume = {4},
        pages = {145},
          doi = {10.1146/annurev.aa.04.090166.001045},
       adsurl = {https://ui.adsabs.harvard.edu/abs/1966ARA&A...4..145M},
      adsnote = {Provided by the SAO/NASA Astrophysics Data System}
}

@ARTICLE{Saikia1988,
       author = {{Saikia}, D.~J. and {Salter}, C.~J.},
        title = "{Polarization properties of extragalactic radio sources.}",
      journal = {\araa},
     keywords = {Extragalactic Radio Sources, Interstellar Magnetic Fields, Polarization Characteristics, Quasars, Bibliographies, Circular Polarization, Computational Astrophysics, Depolarization, Faraday Effect, Linear Polarization, Magnetic Properties, Optical Polarization, Radio Galaxies, Relic Radiation, Synchrotron Radiation, Variability, Astrophysics, Polarization:Quasars, Polarization:Radio Galaxies, Quasars:Polarization, Radiation Mechanisms:Radio Sources, Radio Galaxies:Polarization, Radio Sources:Radiation Mechanisms},
         year = "1988",
        month = "Jan",
       volume = {26},
        pages = {93-144},
          doi = {10.1146/annurev.aa.26.090188.000521},
       adsurl = {https://ui.adsabs.harvard.edu/abs/1988ARA&A..26...93S},
      adsnote = {Provided by the SAO/NASA Astrophysics Data System}
}

@ARTICLE{Miley1980,
       author = {{Miley}, G.},
        title = "{The structure of extended extragalactic radio sources}",
      journal = {\araa},
     keywords = {Astronomical Maps, Extragalactic Radio Sources, Galactic Structure, Radio Galaxies, Bibliographies, Galactic Nuclei, Morphology, Astrophysics},
         year = "1980",
        month = "Jan",
       volume = {18},
        pages = {165-218},
          doi = {10.1146/annurev.aa.18.090180.001121},
       adsurl = {https://ui.adsabs.harvard.edu/abs/1980ARA&A..18..165M},
      adsnote = {Provided by the SAO/NASA Astrophysics Data System}
}

@ARTICLE{Bridle1984,
       author = {{Bridle}, Alan H. and {Perley}, Richard A.},
        title = "{Extragalactic Radio Jets}",
      journal = {\araa},
         year = "1984",
        month = "Jan",
       volume = {22},
        pages = {319-358},
          doi = {10.1146/annurev.aa.22.090184.001535},
       adsurl = {https://ui.adsabs.harvard.edu/abs/1984ARA&A..22..319B},
      adsnote = {Provided by the SAO/NASA Astrophysics Data System}
}

@ARTICLE{Scarrott1990,
       author = {{Scarrott}, S.~M. and {Rolph}, C.~D. and {Tadhunter}, C.~N.},
        title = "{Imaging polarimetry of the high-z radio galaxy 3C 368.}",
      journal = {\mnras},
     keywords = {Polarimetry, Radio Galaxies, Reflection Nebulae, Active Galactic Nuclei, Linear Polarization, Polarized Light, Star Formation, Astrophysics},
         year = "1990",
        month = "Mar",
       volume = {243},
        pages = {5P-9},
       adsurl = {https://ui.adsabs.harvard.edu/abs/1990MNRAS.243P...5S},
      adsnote = {Provided by the SAO/NASA Astrophysics Data System}
}

@ARTICLE{Tadhunter1992,
       author = {{Tadhunter}, C.~N. and {Scarrott}, S.~M. and {Draper}, P. and
         {Rolph}, C.},
        title = "{The optical polarizations of high- and intermediate-redshift radio galaxies}",
      journal = {\mnras},
     keywords = {Active Galaxies, Optical Polarization, Radio Galaxies, Red Shift, Interstellar Matter, Light Beams, Light Scattering, Ultraviolet Radiation, polarization, galaxies: active, radio continuum: galaxies., Astrophysics},
         year = "1992",
        month = "Jun",
       volume = {256},
       number = {4},
        pages = {53P-58P},
          doi = {10.1093/mnras/256.1.53P},
       adsurl = {https://ui.adsabs.harvard.edu/abs/1992MNRAS.256P..53T},
      adsnote = {Provided by the SAO/NASA Astrophysics Data System}
}

@INPROCEEDINGS{Taylor2002,
       author = {{Taylor}, G.~B. and {Zavala}, R.~T. and {Pollack}, L.~K. and
         {Hough}, D.~H. and {Venturi}, T.},
        title = "{VLBA Polarimetry of Radio Galaxies}",
    booktitle = {American Astronomical Society Meeting Abstracts},
         year = "2002",
       volume = {201},
        month = "Dec",
          eid = {86.02},
        pages = {86.02},
       adsurl = {https://ui.adsabs.harvard.edu/abs/2002AAS...201.8602T},
      adsnote = {Provided by the SAO/NASA Astrophysics Data System}
}

@ARTICLE{Jannuzi1995,
       author = {{Jannuzi}, Buell T. and {Elston}, Richard and {Schmidt}, Gary D. and
         {Smith}, Paul S. and {Stockman}, H.~S.},
        title = "{Detection of Extended Polarized Ultraviolet Radiation from the Z = 1.82 Radio Galaxy 3C 256}",
      journal = {\apj},
     keywords = {GALAXIES: ACTIVE, GALAXIES: EVOLUTION, GALAXIES: STELLAR CONTENT, RADIO CONTINUUM: GALAXIES, POLARIZATION, Astrophysics},
         year = "1995",
        month = "Dec",
       volume = {454},
        pages = {L111},
          doi = {10.1086/309781},
archivePrefix = {arXiv},
       eprint = {astro-ph/9509099},
 primaryClass = {astro-ph},
       adsurl = {https://ui.adsabs.harvard.edu/abs/1995ApJ...454L.111J},
      adsnote = {Provided by the SAO/NASA Astrophysics Data System}
}

@ARTICLE{Jannuzi1991,
       author = {{Jannuzi}, Buell T. and {Elston}, Richard},
        title = "{Detection of Polarized Ultraviolet Emission from the High-Redshift Radio Galaxy 3C 265}",
      journal = {\apj},
     keywords = {Emission Spectra, Polarized Radiation, Radio Galaxies, Red Shift, Ultraviolet Radiation, Astronomical Maps, Cassegrain Antennas, Charge Coupled Devices, Extragalactic Radio Sources, Astrophysics, GALAXIES: INDIVIDUAL ALPHANUMERIC: 3C 265, POLARIZATION, RADIO SOURCES: GALAXIES},
         year = "1991",
        month = "Jan",
       volume = {366},
        pages = {L69},
          doi = {10.1086/185911},
       adsurl = {https://ui.adsabs.harvard.edu/abs/1991ApJ...366L..69J},
      adsnote = {Provided by the SAO/NASA Astrophysics Data System}
}

@ARTICLE{diSeregoAlighieri1993,
       author = {{di Serego Alighieri}, S. and {Cimatti}, A. and {Fosbury}, R.~A.~E.},
        title = "{Imaging Polarimetry of High-Redshift Radio Galaxies}",
      journal = {\apj},
     keywords = {Astronomical Polarimetry, Imaging Techniques, Radio Galaxies, Linear Polarization, Radio Emission, Red Shift, Ultraviolet Emission, Astrophysics, GALAXIES: ISM, POLARIZATION, RADIO CONTINUUM: GALAXIES},
         year = "1993",
        month = "Feb",
       volume = {404},
        pages = {584},
          doi = {10.1086/172311},
       adsurl = {https://ui.adsabs.harvard.edu/abs/1993ApJ...404..584D},
      adsnote = {Provided by the SAO/NASA Astrophysics Data System}
}

@ARTICLE{JennisonDasGupta1953,
       author = {{Jennison}, R.~C. and {Das Gupta}, M.~K.},
        title = "{Fine Structure of the Extra-terrestrial Radio Source Cygnus I}",
      journal = {\nat},
         year = "1953",
        month = "Nov",
       volume = {172},
       number = {4387},
        pages = {996-997},
          doi = {10.1038/172996a0},
       adsurl = {https://ui.adsabs.harvard.edu/abs/1953Natur.172..996J},
      adsnote = {Provided by the SAO/NASA Astrophysics Data System}
}


@ARTICLE{Kaczmarek2018,
       author = {{Kaczmarek}, J.~F. and {Purcell}, C.~R. and {Gaensler}, B.~M. and
         {Sun}, X. and {O'Sullivan}, S.~P. and {McClure-Griffiths}, N.~M.},
        title = "{Revealing the Faraday depth structure of radio galaxy NGC 612 with broad-band radio polarimetric observations}",
      journal = {\mnras},
     keywords = {techniques: polarimetric, galaxies: individual: NGC 612, galaxies: magnetic fields, radio continuum: galaxies, Astrophysics - Astrophysics of Galaxies},
         year = "2018",
        month = "May",
       volume = {476},
       number = {2},
        pages = {1596-1613},
          doi = {10.1093/mnras/sty269},
archivePrefix = {arXiv},
       eprint = {1801.08237},
 primaryClass = {astro-ph.GA},
       adsurl = {https://ui.adsabs.harvard.edu/abs/2018MNRAS.476.1596K},
      adsnote = {Provided by the SAO/NASA Astrophysics Data System}
}

@ARTICLE{Feretti1999,
       author = {{Feretti}, L. and {Perley}, R. and {Giovannini}, G. and {Andernach}, H.},
        title = "{VLA observations of the giant radio galaxy 3C 449}",
      journal = {\aap},
     keywords = {GALAXIES: INDIVIDUAL: 3C 449, GALAXIES: JETS, GALAXIES: MAGNETIC FIELDS, RADIO CONTINUUM: GALAXIES, Astrophysics},
         year = "1999",
        month = "Jan",
       volume = {341},
        pages = {29-43},
archivePrefix = {arXiv},
       eprint = {astro-ph/9810305},
 primaryClass = {astro-ph},
       adsurl = {https://ui.adsabs.harvard.edu/abs/1999A&A...341...29F},
      adsnote = {Provided by the SAO/NASA Astrophysics Data System}
}

@ARTICLE{Jones1996,
       author = {{Jones}, P.~A.},
        title = "{The jets in radio galaxy B1308-441}",
      journal = {\pasa},
     keywords = {GALAXIES, RADIO CONTINUUM},
         year = "1996",
        month = "Nov",
       volume = {13},
       number = {3},
        pages = {218-226},
          doi = {10.1017/S1323358000020889},
       adsurl = {https://ui.adsabs.harvard.edu/abs/1996PASA...13..218J},
      adsnote = {Provided by the SAO/NASA Astrophysics Data System}
}

@ARTICLE{diSeregoAlighieri1996,
       author = {{di Serego Alighieri}, S. and {Cimatti}, A. and {Fosbury}, R.~A.~E. and
         {Perez-Fournon}, I.},
        title = "{Spectropolarimetry of 3C 265, a misaligned radio galaxy}",
      journal = {\mnras},
     keywords = {SCATTERING, TECHNIQUES: POLARIMETRIC, GALAXIES: ACTIVE, GALAXIES: INDIVIDUAL: 3C 265, RADIO CONTINUUM: GALAXIES},
         year = "1996",
        month = "Apr",
       volume = {279},
       number = {3},
        pages = {L57-L60},
          doi = {10.1093/mnras/279.3.L57},
       adsurl = {https://ui.adsabs.harvard.edu/abs/1996MNRAS.279L..57D},
      adsnote = {Provided by the SAO/NASA Astrophysics Data System}
}

@ARTICLE{Tran1995,
       author = {{Tran}, Hien D. and {Cohen}, Marshall H. and {Goodrich}, Robert W.},
        title = "{Keck Spectropolarimetry of the Radio Galaxy 3C 234}",
      journal = {\aj},
     keywords = {GALAXIES: INDIVIDUAL: 3C 234, GALAXIES: SEYFERT, TECHNIQUES: POLARIMETRIC},
         year = "1995",
        month = "Dec",
       volume = {110},
        pages = {2597},
          doi = {10.1086/117716},
       adsurl = {https://ui.adsabs.harvard.edu/abs/1995AJ....110.2597T},
      adsnote = {Provided by the SAO/NASA Astrophysics Data System}
}

@ARTICLE{Venemans2007,
       author = {{Venemans}, B.~P. and {R{\"o}ttgering}, H.~J.~A. and {Miley}, G.~K. and
         {van Breugel}, W.~J.~M. and {de Breuck}, C. and {Kurk}, J.~D. and
         {Pentericci}, L. and {Stanford}, S.~A. and {Overzier}, R.~A. and
         {Croft}, S.},
        title = "{Protoclusters associated with z \&gt; 2 radio galaxies . I. Characteristics of high redshift protoclusters}",
      journal = {\aap},
     keywords = {galaxies: active, galaxies: clusters: general, cosmology: observations, cosmology: early Universe, cosmology: large scale structure of Universe, Astrophysics},
         year = "2007",
        month = "Jan",
       volume = {461},
       number = {3},
        pages = {823-845},
          doi = {10.1051/0004-6361:20053941},
archivePrefix = {arXiv},
       eprint = {astro-ph/0610567},
 primaryClass = {astro-ph},
       adsurl = {https://ui.adsabs.harvard.edu/abs/2007A&A...461..823V},
      adsnote = {Provided by the SAO/NASA Astrophysics Data System}
}

@ARTICLE{Laing1983,
       author = {{Laing}, R.~A. and {Riley}, J.~M. and {Longair}, M.~S.},
        title = "{Bright radio sources at 178 MHz : flux densities, optical identifications and the cosmological evolution of powerful radio galaxies.}",
      journal = {\mnras},
     keywords = {Cosmology, Galactic Evolution, Radio Galaxies, Astronomical Catalogs, Luminosity, Magnitude, Quasars, Radiant Flux Density, Red Shift, Visible Spectrum, Astrophysics},
         year = "1983",
        month = "Jul",
       volume = {204},
        pages = {151-187},
          doi = {10.1093/mnras/204.1.151},
       adsurl = {https://ui.adsabs.harvard.edu/abs/1983MNRAS.204..151L},
      adsnote = {Provided by the SAO/NASA Astrophysics Data System}
}

@ARTICLE{Best1997,
       author = {{Best}, P.~N. and {Longair}, M.~S. and {Roettgering}, H.~J.~A.},
        title = "{HST, radio and infrared observations of 28 3CR radio galaxies at redshift z\raisebox{-0.5ex}\textasciitilde - I. The observations}",
      journal = {\mnras},
     keywords = {Hubble Space Telescope, Radio Astronomy, Infrared Astronomy, Radio Galaxies, Red Shift, Active Galaxies, Astronomical Photometry, Imagery, Optical Emission Spectroscopy, Infrared Imagery, Astronomy, GALAXIES: ACTIVE, GALAXIES: EVOLUTION, GALAXIES: PHOTOMETRY, RADIO CONTINUUM: GALAXIES, INFRARED: GALAXIES, Astrophysics},
         year = "1997",
        month = "Dec",
       volume = {292},
       number = {4},
        pages = {758-794},
          doi = {10.1093/mnras/292.4.758},
archivePrefix = {arXiv},
       eprint = {astro-ph/9707337},
 primaryClass = {astro-ph},
       adsurl = {https://ui.adsabs.harvard.edu/abs/1997MNRAS.292..758B},
      adsnote = {Provided by the SAO/NASA Astrophysics Data System}
}

@ARTICLE{Pentericci2001,
       author = {{Pentericci}, L. and {McCarthy}, P.~J. and {R{\"o}ttgering}, H.~J.~A. and
         {Miley}, G.~K. and {van Breugel}, W.~J.~M. and {Fosbury}, R.},
        title = "{NICMOS Observations of High-Redshift Radio Galaxies: Witnessing the Formation of Bright Elliptical Galaxies?}",
      journal = {\apjs},
     keywords = {Galaxies: Active, Galaxies: Evolution, Galaxies: Formation, Infrared: Galaxies, Astrophysics},
         year = "2001",
        month = "Jul",
       volume = {135},
       number = {1},
        pages = {63-85},
          doi = {10.1086/321781},
archivePrefix = {arXiv},
       eprint = {astro-ph/0102323},
 primaryClass = {astro-ph},
       adsurl = {https://ui.adsabs.harvard.edu/abs/2001ApJS..135...63P},
      adsnote = {Provided by the SAO/NASA Astrophysics Data System}
}

@ARTICLE{FanaroffRiley1974,
       author = {{Fanaroff}, B.~L. and {Riley}, J.~M.},
        title = "{The morphology of extragalactic radio sources of high and low luminosity}",
      journal = {\mnras},
         year = "1974",
        month = "May",
       volume = {167},
        pages = {31P-36P},
          doi = {10.1093/mnras/167.1.31P},
       adsurl = {https://ui.adsabs.harvard.edu/abs/1974MNRAS.167P..31F},
      adsnote = {Provided by the SAO/NASA Astrophysics Data System}
}

@ARTICLE{Miley1968,
       author = {{Miley}, George K.},
        title = "{Variation of the Angular Sizes of Quasars with Red-shift}",
      journal = {\nat},
         year = "1968",
        month = "Jun",
       volume = {218},
       number = {5145},
        pages = {933-934},
          doi = {10.1038/218933a0},
       adsurl = {https://ui.adsabs.harvard.edu/abs/1968Natur.218..933M},
      adsnote = {Provided by the SAO/NASA Astrophysics Data System}
}

@ARTICLE{BlumenthalMiley1979,
       author = {{Blumenthal}, G. and {Miley}, G.},
        title = "{Spectral index dependent properties of steep spectrum radio sources.}",
      journal = {\aap},
     keywords = {Extragalactic Radio Sources, Quasars, Radio Astronomy, Red Shift, Spectral Energy Distribution, Luminosity, Radio Galaxies, Spectrum Analysis, Astrophysics},
         year = "1979",
        month = "Nov",
       volume = {80},
        pages = {13-21},
       adsurl = {https://ui.adsabs.harvard.edu/abs/1979A&A....80...13B},
      adsnote = {Provided by the SAO/NASA Astrophysics Data System}
}

@ARTICLE{Stanford1998,
       author = {{Stanford}, S.~A. and {Eisenhardt}, Peter R. and {Dickinson}, Mark},
        title = "{The Evolution of Early-Type Galaxies in Distant Clusters}",
      journal = {\apj},
     keywords = {GALAXIES: CLUSTERS: GENERAL, GALAXIES: ELLIPTICAL AND LENTICULAR, CD, GALAXIES: EVOLUTION, GALAXIES: PHOTOMETRY, Galaxies: Clusters: General, Galaxies: Elliptical and Lenticular, cD, Galaxies: Evolution, Galaxies: Photometry, Astrophysics},
         year = "1998",
        month = "Jan",
       volume = {492},
       number = {2},
        pages = {461-479},
          doi = {10.1086/305050},
archivePrefix = {arXiv},
       eprint = {astro-ph/9708037},
 primaryClass = {astro-ph},
       adsurl = {https://ui.adsabs.harvard.edu/abs/1998ApJ...492..461S},
      adsnote = {Provided by the SAO/NASA Astrophysics Data System}
}

@ARTICLE{HillLilly1991,
       author = {{Hill}, Gary J. and {Lilly}, Simon J.},
        title = "{A Change in the Cluster Environments of Radio Galaxies with Cosmic Epoch}",
      journal = {\apj},
     keywords = {Extragalactic Radio Sources, Galactic Clusters, Quasars, Radio Galaxies, Red Shift, Active Galactic Nuclei, Galactic Evolution, Astrophysics, COSMOLOGY, GALAXIES: CLUSTERING, QUASARS, RADIO SOURCES: GALAXIES},
         year = "1991",
        month = "Jan",
       volume = {367},
        pages = {1},
          doi = {10.1086/169597},
       adsurl = {https://ui.adsabs.harvard.edu/abs/1991ApJ...367....1H},
      adsnote = {Provided by the SAO/NASA Astrophysics Data System}
}

@ARTICLE{Best2000b,
       author = {{Best}, P.~N.},
        title = "{The cluster environments of the z\raisebox{-0.5ex}\textasciitilde1 3CR radio galaxies}",
      journal = {\mnras},
     keywords = {GALAXIES: ACTIVE, GALAXIES: CLUSTERS: GENERAL, GALAXIES: LUMINOSITY FUNCTION, MASS FUNCTION, RADIO CONTINUUM: GALAXIES, Astrophysics},
         year = "2000",
        month = "Sep",
       volume = {317},
       number = {3},
        pages = {720-736},
          doi = {10.1046/j.1365-8711.2000.03712.x},
archivePrefix = {arXiv},
       eprint = {astro-ph/0007285},
 primaryClass = {astro-ph},
       adsurl = {https://ui.adsabs.harvard.edu/abs/2000MNRAS.317..720B},
      adsnote = {Provided by the SAO/NASA Astrophysics Data System}
}

@ARTICLE{Yates1989,
       author = {{Yates}, M.~G. and {Miller}, L. and {Peacock}, J.~A.},
        title = "{The cluster environments of powerful, high-redshift radio galaxies.}",
      journal = {\mnras},
     keywords = {Astronomical Spectroscopy, Galactic Clusters, Radio Galaxies, Red Shift, Astronomical Photography, Astronomical Photometry, Cross Correlation, Galactic Structure, Luminosity, Astrophysics},
         year = "1989",
        month = "Sep",
       volume = {240},
        pages = {129-166},
          doi = {10.1093/mnras/240.1.129},
       adsurl = {https://ui.adsabs.harvard.edu/abs/1989MNRAS.240..129Y},
      adsnote = {Provided by the SAO/NASA Astrophysics Data System}
}

@ARTICLE{CarilliBarthel1996,
       author = {{Carilli}, C.~L. and {Barthel}, P.~D.},
        title = "{Cygnus A}",
      journal = {\aapr},
     keywords = {Key words: Galaxies: active, Galaxies: individual: Cygnus A, Radio continuum: galaxies},
         year = "1996",
        month = "Jan",
       volume = {7},
       number = {1},
        pages = {1-54},
          doi = {10.1007/s001590050001},
       adsurl = {https://ui.adsabs.harvard.edu/abs/1996A&ARv...7....1C},
      adsnote = {Provided by the SAO/NASA Astrophysics Data System}
}

@ARTICLE{Humphrey2006,
       author = {{Humphrey}, A. and {Villar-Mart{\'\i}n}, M. and {Fosbury}, R. and
         {Vernet}, J. and {di Serego Alighieri}, S.},
        title = "{Jet-gas interactions in z \raisebox{-0.5ex}\textasciitilde 2.5 radio galaxies: evolution of the ultraviolet line and continuum emission with radio morphology}",
      journal = {\mnras},
     keywords = {polarization: galaxies: active: galaxies: high-redshift: galaxies: jets: ultraviolet: ISM, polarization, galaxies: active, galaxies: high-redshift, galaxies: jets, ultraviolet: ISM, Astrophysics},
         year = "2006",
        month = "Jul",
       volume = {369},
       number = {3},
        pages = {1103-1114},
          doi = {10.1111/j.1365-2966.2006.10224.x},
archivePrefix = {arXiv},
       eprint = {astro-ph/0602504},
 primaryClass = {astro-ph},
       adsurl = {https://ui.adsabs.harvard.edu/abs/2006MNRAS.369.1103H},
      adsnote = {Provided by the SAO/NASA Astrophysics Data System}
}

@ARTICLE{Galametz2010,
       author = {{Galametz}, A. and {Vernet}, J. and {De Breuck}, C. and {Hatch}, N.~A. and
         {Miley}, G.~K. and {Kodama}, T. and {Kurk}, J. and {Overzier}, R.~A. and
         {Rettura}, A. and {R{\"o}ttgering}, H.~J.~A.},
        title = "{Galaxy protocluster candidates at 1.6 \&lt; z âª‰ 2}",
      journal = {\aap},
     keywords = {large scale structure of Universe, galaxies: clusters: general, Galaxies: evolution, galaxies: high redshift, galaxies: individual: MRC 1017-220, galaxies: individual: MRC 0156-252, Astrophysics - Cosmology and Nongalactic Astrophysics},
         year = "2010",
        month = "Nov",
       volume = {522},
          eid = {A58},
        pages = {A58},
          doi = {10.1051/0004-6361/201015035},
archivePrefix = {arXiv},
       eprint = {1008.1094},
 primaryClass = {astro-ph.CO},
       adsurl = {https://ui.adsabs.harvard.edu/abs/2010A&A...522A..58G},
      adsnote = {Provided by the SAO/NASA Astrophysics Data System}
}

@ARTICLE{Chambers1988a,
       author = {{Chambers}, K.~C. and {Miley}, G.~K. and {van Breugel}, W.~J.~M.},
        title = "{4C 40.36: A Radio Galaxy at a Redshift of 2.3}",
      journal = {\apjl},
     keywords = {Cosmology, Emission Spectra, Line Spectra, Radio Galaxies, Radio Sources (Astronomy), Red Shift, Radio Emission, Stellar Luminosity, Very Large Array (Vla), Astrophysics, COSMOLOGY, GALAXIES: REDSHIFTS, RADIO SOURCES: GALAXIES},
         year = "1988",
        month = "Apr",
       volume = {327},
        pages = {L47},
          doi = {10.1086/185137},
       adsurl = {https://ui.adsabs.harvard.edu/abs/1988ApJ...327L..47C},
      adsnote = {Provided by the SAO/NASA Astrophysics Data System}
}

@ARTICLE{Eales1985a,
       author = {{Eales}, S.~A.},
        title = "{A sample of 6C radio sources selected at the peak of the source counts-I.A search for extended sources and multifrequency radio observations.}",
      journal = {\mnras},
     keywords = {Cosmology, Extragalactic Radio Sources, Galactic Evolution, Radio Astronomy, Hubble Diagram, Luminosity, Magnitude, Quasars, Radiant Flux Density, Radio Galaxies, Radio Spectra, Red Shift, Size Distribution, Spectral Correlation, Astrophysics},
         year = "1985",
        month = "Nov",
       volume = {217},
        pages = {149-166},
          doi = {10.1093/mnras/217.1.149},
       adsurl = {https://ui.adsabs.harvard.edu/abs/1985MNRAS.217..149E},
      adsnote = {Provided by the SAO/NASA Astrophysics Data System}
}

@ARTICLE{Eales1985b,
       author = {{Eales}, S.~A.},
        title = "{A sample of 6C sources selected at the peak of the source counts -II.Optical identifications.}",
      journal = {\mnras},
         year = "1985",
        month = "Nov",
       volume = {217},
        pages = {167-177},
          doi = {10.1093/mnras/217.1.167},
       adsurl = {https://ui.adsabs.harvard.edu/abs/1985MNRAS.217..167E},
      adsnote = {Provided by the SAO/NASA Astrophysics Data System}
}

@ARTICLE{PilkingtonScott1965,
       author = {{Pilkington}, J.~D.~H. and {Scott}, J.~F.},
        title = "{A survey of radio sources between declinations 20{\textdegree} and 40{\textdegree}}",
      journal = {\memras},
         year = "1965",
        month = "Jan",
       volume = {69},
        pages = {183},
       adsurl = {https://ui.adsabs.harvard.edu/abs/1965MmRAS..69..183P},
      adsnote = {Provided by the SAO/NASA Astrophysics Data System}
}

@ARTICLE{Colla1973,
       author = {{Colla}, G. and {Fanti}, C. and {Fanti}, R. and {Ficarra}, A. and
         {Formiggini}, L. and {Gandolfi}, E. and {Gioia}, I. and {Lari}, C. and
         {Marano}, B. and {Padrielli}, L.},
        title = "{The B2 catalogue of radio sources - third part}",
      journal = {\aaps},
         year = "1973",
        month = "Sep",
       volume = {11},
        pages = {291},
       adsurl = {https://ui.adsabs.harvard.edu/abs/1973A&AS...11..291C},
      adsnote = {Provided by the SAO/NASA Astrophysics Data System}
}

@ARTICLE{Large1981,
       author = {{Large}, M.~I. and {Mills}, B.~Y. and {Little}, A.~G. and
         {Crawford}, D.~F. and {Sutton}, J.~M.},
        title = "{The Molonglo Reference Catalogue of radio sources.}",
      journal = {\mnras},
         year = "1981",
        month = "Feb",
       volume = {194},
        pages = {693-704},
          doi = {10.1093/mnras/194.3.693},
       adsurl = {https://ui.adsabs.harvard.edu/abs/1981MNRAS.194..693L},
      adsnote = {Provided by the SAO/NASA Astrophysics Data System}
}

@ARTICLE{Galametz2012,
       author = {{Galametz}, Audrey and {Stern}, Daniel and {De Breuck}, Carlos and
         {Hatch}, Nina and {Mayo}, Jack and {Miley}, George and {Rettura}, Alessand
        ro and {Seymour}, Nick and {Stanford}, S. Adam and {Vernet}, Jo{\"e}l},
        title = "{The Mid-infrared Environments of High-redshift Radio Galaxies}",
      journal = {\apj},
     keywords = {galaxies: active, galaxies: clusters: general, galaxies: high-redshift, infrared: galaxies, Astrophysics - Cosmology and Nongalactic Astrophysics},
         year = "2012",
        month = "Apr",
       volume = {749},
       number = {2},
          eid = {169},
        pages = {169},
          doi = {10.1088/0004-637X/749/2/169},
archivePrefix = {arXiv},
       eprint = {1202.4489},
 primaryClass = {astro-ph.CO},
       adsurl = {https://ui.adsabs.harvard.edu/abs/2012ApJ...749..169G},
      adsnote = {Provided by the SAO/NASA Astrophysics Data System}
}

@ARTICLE{Croft2005,
       author = {{Croft}, Steve and {Kurk}, Jaron and {van Breugel}, Wil and
         {Stanford}, S.~A. and {de Vries}, Wim and {Pentericci}, Laura and
         {R{\"o}ttgering}, Huub},
        title = "{The Filamentary Large-Scale Structure around the z=2.16 Radio Galaxy PKS 1138-262}",
      journal = {\aj},
     keywords = {Galaxies: Active, Galaxies: High-Redshift, Galaxies: Individual: Alphanumeric: PKS 1138-262, Astrophysics},
         year = "2005",
        month = "Sep",
       volume = {130},
       number = {3},
        pages = {867-872},
          doi = {10.1086/431956},
archivePrefix = {arXiv},
       eprint = {astro-ph/0505354},
 primaryClass = {astro-ph},
       adsurl = {https://ui.adsabs.harvard.edu/abs/2005AJ....130..867C},
      adsnote = {Provided by the SAO/NASA Astrophysics Data System}
}

@ARTICLE{Villar-Martin2003,
       author = {{Villar-Mart{\'\i}n}, M. and {Vernet}, J. and {di Serego Alighieri}, S. and
         {Fosbury}, R. and {Humphrey}, A. and {Pentericci}, L.},
        title = "{Kinematically quiet haloes around z\raisebox{-0.5ex}\textasciitilde 2.5 radio galaxies. Keck spectroscopy}",
      journal = {\mnras},
     keywords = {galaxies: active, galaxies: formation, galaxies: high-redshift, early Universe, Astrophysics},
         year = "2003",
        month = "Nov",
       volume = {346},
       number = {1},
        pages = {273-294},
          doi = {10.1046/j.1365-2966.2003.07090.x},
archivePrefix = {arXiv},
       eprint = {astro-ph/0309012},
 primaryClass = {astro-ph},
       adsurl = {https://ui.adsabs.harvard.edu/abs/2003MNRAS.346..273V},
      adsnote = {Provided by the SAO/NASA Astrophysics Data System}
}

@ARTICLE{Overzier2005,
       author = {{Overzier}, R.~A. and {Harris}, D.~E. and {Carilli}, C.~L. and
         {Pentericci}, L. and {R{\"o}ttgering}, H.~J.~A. and {Miley}, G.~K.},
        title = "{On the X-ray emission of z Ìƒ2 radio galaxies: IC scattering of the CMB and no evidence for fully-formed potential wells}",
      journal = {\aap},
     keywords = {galaxies: high-redshift, galaxies: active, X-rays: galaxies: clusters, X-rays: general, Astrophysics},
         year = "2005",
        month = "Apr",
       volume = {433},
       number = {1},
        pages = {87-100},
          doi = {10.1051/0004-6361:20041657},
archivePrefix = {arXiv},
       eprint = {astro-ph/0412026},
 primaryClass = {astro-ph},
       adsurl = {https://ui.adsabs.harvard.edu/abs/2005A&A...433...87O},
      adsnote = {Provided by the SAO/NASA Astrophysics Data System}
}

@ARTICLE{Kodama2007,
       author = {{Kodama}, Tadayuki and {Tanaka}, Ichi and {Kajisawa}, Masaru and
         {Kurk}, Jaron and {Venemans}, Bram and {De Breuck}, Carlos and
         {Vernet}, Jo{\"e}l and {Lidman}, Chris},
        title = "{The first appearance of the red sequence of galaxies in proto-clusters at 2 \&lt;\raisebox{-0.5ex}\textasciitilde z \&lt;\raisebox{-0.5ex}\textasciitilde 3}",
      journal = {\mnras},
     keywords = {galaxies: clusters: general, galaxies: evolution, galaxies: formation, galaxies: high-redshift, Astrophysics},
         year = "2007",
        month = "Jun",
       volume = {377},
       number = {4},
        pages = {1717-1725},
          doi = {10.1111/j.1365-2966.2007.11739.x},
archivePrefix = {arXiv},
       eprint = {astro-ph/0703382},
 primaryClass = {astro-ph},
       adsurl = {https://ui.adsabs.harvard.edu/abs/2007MNRAS.377.1717K},
      adsnote = {Provided by the SAO/NASA Astrophysics Data System}
}

@ARTICLE{Pentericci1998,
       author = {{Pentericci}, L. and {R{\"o}ttgering}, H.~J.~A. and {Miley}, G.~K. and
         {Spinrad}, H. and {McCarthy}, P.~J. and {van Breugel}, W.~J.~M. and
         {Macchetto}, F.},
        title = "{HST Images of the Extremely Clumpy Radio Galaxy 1138-262 at z = 2.2}",
      journal = {\apj},
     keywords = {GALAXIES: ACTIVE, GALAXY: FORMATION, GALAXIES: STRUCTURE, GALAXIES: INDIVIDUAL ALPHANUMERIC: 1138-262, Galaxies: Active, Galaxies: Individual: Alphanumeric: 1138-2620, Galaxies: Structure, Galaxy: Formation},
         year = "1998",
        month = "Sep",
       volume = {504},
       number = {1},
        pages = {139-146},
          doi = {10.1086/306087},
       adsurl = {https://ui.adsabs.harvard.edu/abs/1998ApJ...504..139P},
      adsnote = {Provided by the SAO/NASA Astrophysics Data System}
}


@ARTICLE{pentericci1999,
       author = {{Pentericci}, L. and {R{\"o}ttgering}, H.~J.~A. and {Miley}, G.~K. and
         {McCarthy}, P. and {Spinrad}, H. and {van Breugel}, W.~J.~M. and
         {Macchetto}, F.},
        title = "{HST images and properties of the most distant radio galaxies}",
      journal = {\aap},
     keywords = {GALAXIES: INDIVIDUAL: TX 1707+1051, GALAXIES: INDIVIDUAL: MRC 2104+242, GALAXIES: FORMATION, GALAXIES: CLUSTERS: GENERAL, GALAXIES: ACTIVE, COSMOLOGY: EARLY UNIVERSE, Astrophysics},
         year = "1999",
        month = "Jan",
       volume = {341},
        pages = {329-347},
archivePrefix = {arXiv},
       eprint = {astro-ph/9809056},
 primaryClass = {astro-ph},
       adsurl = {https://ui.adsabs.harvard.edu/abs/1999A&A...341..329P},
      adsnote = {Provided by the SAO/NASA Astrophysics Data System}
}

@ARTICLE{Miley2004,
       author = {{Miley}, George K. and {Overzier}, Roderik A. and
         {Tsvetanov}, Zlatan I. and {Bouwens}, Rychard J. and
         {Ben{\'\i}tez}, Narciso and {Blakeslee}, John P. and {Ford}, Holland
         C. and {Illingworth}, Garth D. and {Postman}, Marc and {Rosati}, Piero},
        title = "{A large population of `Lyman-break' galaxies in a protocluster at redshift z \raisebox{-0.5ex}\textasciitilde 4.1}",
      journal = {\nat},
     keywords = {Astrophysics},
         year = "2004",
        month = "Jan",
       volume = {427},
       number = {6969},
        pages = {47-50},
          doi = {10.1038/nature02125},
archivePrefix = {arXiv},
       eprint = {astro-ph/0401034},
 primaryClass = {astro-ph},
       adsurl = {https://ui.adsabs.harvard.edu/abs/2004Natur.427...47M},
      adsnote = {Provided by the SAO/NASA Astrophysics Data System}
}

@ARTICLE{Kurk2000,
       author = {{Kurk}, J.~D. and {R{\"o}ttgering}, H.~J.~A. and {Pentericci}, L. and
         {Miley}, G.~K. and {van Breugel}, W. and {Carilli}, C.~L. and
         {Ford}, H. and {Heckman}, T. and {McCarthy}, P. and {Moorwood}, A.},
        title = "{A Search for clusters at high redshift. I. Candidate Lyalpha emitters near 1138-262 at z=2.2}",
      journal = {\aap},
     keywords = {GALAXIES: ACTIVE, GALAXIES: CLUSTERS: GENERAL, GALAXIES: EVOLUTION, GALAXIES: LUMINOSITY FUNCTION, MASS FUNCTION, COSMOLOGY: OBSERVATIONS, COSMOLOGY: EARLY UNIVERSE, Astrophysics},
         year = "2000",
        month = "Jun",
       volume = {358},
        pages = {L1-L4},
archivePrefix = {arXiv},
       eprint = {astro-ph/0005058},
 primaryClass = {astro-ph},
       adsurl = {https://ui.adsabs.harvard.edu/abs/2000A&A...358L...1K},
      adsnote = {Provided by the SAO/NASA Astrophysics Data System}
}

@ARTICLE{Venemans2002,
       author = {{Venemans}, B.~P. and {Kurk}, J.~D. and {Miley}, G.~K. and
         {R{\"o}ttgering}, H.~J.~A. and {van Breugel}, W. and {Carilli}, C.~L. and
         {De Breuck}, C. and {Ford}, H. and {Heckman}, T. and {McCarthy}, P.},
        title = "{The Most Distant Structure of Galaxies Known: A Protocluster at z=4.1}",
      journal = {\apjl},
     keywords = {Cosmology: Observations, Cosmology: Early Universe, Galaxies: Active, Galaxies: Clusters: General, Galaxies: Evolution, Astrophysics},
         year = "2002",
        month = "Apr",
       volume = {569},
       number = {1},
        pages = {L11-L14},
          doi = {10.1086/340563},
archivePrefix = {arXiv},
       eprint = {astro-ph/0203249},
 primaryClass = {astro-ph},
       adsurl = {https://ui.adsabs.harvard.edu/abs/2002ApJ...569L..11V},
      adsnote = {Provided by the SAO/NASA Astrophysics Data System}
}

@ARTICLE{Venemans2004,
       author = {{Venemans}, B.~P. and {R{\"o}ttgering}, H.~J.~A. and {Overzier}, R.~A. and
         {Miley}, G.~K. and {De Breuck}, C. and {Kurk}, J.~D. and
         {van Breugel}, W. and {Carilli}, C.~L. and {Ford}, H. and {Heckman}, T.},
        title = "{Discovery of six Ly{\ensuremath{\alpha}} emitters near a radio galaxy at z Ìƒ 5.2}",
      journal = {\aap},
     keywords = {galaxies: active, galaxies: clusters: general, galaxies: evolution, cosmology: observations, cosmology: early Universe, Astrophysics},
         year = "2004",
        month = "Sep",
       volume = {424},
        pages = {L17-L20},
          doi = {10.1051/0004-6361:200400041},
archivePrefix = {arXiv},
       eprint = {astro-ph/0408520},
 primaryClass = {astro-ph},
       adsurl = {https://ui.adsabs.harvard.edu/abs/2004A&A...424L..17V},
      adsnote = {Provided by the SAO/NASA Astrophysics Data System}
}

@ARTICLE{McCarthy1987b,
       author = {{McCarthy}, Patrick J. and {van Breugel}, Wil and {Spinrad}, Hyron and
         {Djorgovski}, S.},
        title = "{A Correlation between the Radio and Optical Morphologies of Distant 3 CR Radio Galaxies}",
      journal = {\apjl},
     keywords = {Astronomical Models, Galactic Evolution, Morphology, Radio Galaxies, Radio Spectra, Visible Spectrum, Emission Spectra, Interstellar Gas, Radio Jets (Astronomy), Spectrum Analysis, Star Formation Rate, Astrophysics, COSMOLOGY, GALAXIES: FORMATION, GALAXIES: JETS, GALAXIES: STRUCTURE, RADIO SOURCES: GALAXIES, RADIO SOURCES: GENERAL},
         year = "1987",
        month = "Oct",
       volume = {321},
        pages = {L29},
          doi = {10.1086/185000},
       adsurl = {https://ui.adsabs.harvard.edu/abs/1987ApJ...321L..29M},
      adsnote = {Provided by the SAO/NASA Astrophysics Data System}
}

@ARTICLE{Chambers1988b,
       author = {{Chambers}, K.~C. and {Miley}, G.~K. and {Joyce}, R.~R.},
        title = "{2.2 Micron Image of 3C 368 at z=1.13, a Galaxy with Aligned Radio and Stellar Axes}",
      journal = {\apjl},
     keywords = {Cosmology, Galactic Evolution, Infrared Imagery, Interstellar Matter, Radio Galaxies, Red Shift, Morphology, Radio Emission, Radio Sources (Astronomy), Star Formation, Astrophysics, COSMOLOGY, GALAXIES: EVOLUTION, GALAXIES: REDSHIFTS, GALAXIES: STELLAR CONTENT, INFRARED: GENERAL, RADIO SOURCES: GALAXIES},
         year = "1988",
        month = "Jun",
       volume = {329},
        pages = {L75},
          doi = {10.1086/185180},
       adsurl = {https://ui.adsabs.harvard.edu/abs/1988ApJ...329L..75C},
      adsnote = {Provided by the SAO/NASA Astrophysics Data System}
}

@ARTICLE{Djorgovski1987,
       author = {{Djorgovski}, S. and {Spinrad}, H. and {Pedelty}, J. and {Rudnick}, L. and
         {Stockton}, A.},
        title = "{Mergers and Starbursts at Large Redshifts: The Case of 3C 368}",
      journal = {\aj},
     keywords = {Galactic Structure, Radio Galaxies, Red Shift, Star Formation, Astronomical Spectroscopy, Cosmology, Galactic Evolution, Line Spectra, Luminosity, Morphology, Astrophysics, RADIO SOURCES: GALAXIES, GALAXIES: SEYFERT},
         year = "1987",
        month = "Jun",
       volume = {93},
        pages = {1307},
          doi = {10.1086/114413},
       adsurl = {https://ui.adsabs.harvard.edu/abs/1987AJ.....93.1307D},
      adsnote = {Provided by the SAO/NASA Astrophysics Data System}
}

@ARTICLE{Gaibler2011,
       author = {{Gaibler}, V. and {Khochfar}, S. and {Krause}, M.},
        title = "{Asymmetries in extragalactic double radio sources: clues from 3D simulations of jet-disc interaction}",
      journal = {\mnras},
     keywords = {Astrophysics - High Energy Astrophysical Phenomena, Astrophysics - Cosmology and Extragalactic Astrophysics, Astrophysics - Galaxy Astrophysics},
         year = "2011",
        month = "Feb",
       volume = {411},
       number = {1},
        pages = {155-161},
          doi = {10.1111/j.1365-2966.2010.17674.x},
archivePrefix = {arXiv},
       eprint = {1008.2757},
 primaryClass = {astro-ph.HE},
       adsurl = {https://ui.adsabs.harvard.edu/abs/2011MNRAS.411..155G},
      adsnote = {Provided by the SAO/NASA Astrophysics Data System}
}

@ARTICLE{Krause2002,
       author = {{Krause}, M.},
        title = "{Absorbers and globular cluster formation in powerful high-redshift radio galaxies}",
      journal = {\aap},
     keywords = {Hydrodynamics, Instabilities, Shock Waves, Galaxies: Jets, Radiation Mechanisms: Thermal, Intergalactic Medium, Astrophysics},
         year = "2002",
        month = "May",
       volume = {386},
        pages = {L1-L4},
          doi = {10.1051/0004-6361:20020135},
archivePrefix = {arXiv},
       eprint = {astro-ph/0203372},
 primaryClass = {astro-ph},
       adsurl = {https://ui.adsabs.harvard.edu/abs/2002A&A...386L...1K},
      adsnote = {Provided by the SAO/NASA Astrophysics Data System}
}

@ARTICLE{Krause2005,
       author = {{Krause}, M.},
        title = "{Galactic wind shells and high redshift radio galaxies. On the nature of associated absorbers}",
      journal = {\aap},
     keywords = {hydrodynamics, instabilities, shock waves, galaxies: active, radio continuum: galaxies, Astrophysics},
         year = "2005",
        month = "Jun",
       volume = {436},
       number = {3},
        pages = {845-851},
          doi = {10.1051/0004-6361:20042450},
archivePrefix = {arXiv},
       eprint = {astro-ph/0503322},
 primaryClass = {astro-ph},
       adsurl = {https://ui.adsabs.harvard.edu/abs/2005A&A...436..845K},
      adsnote = {Provided by the SAO/NASA Astrophysics Data System}
}

@ARTICLE{GunnOke1975,
       author = {{Gunn}, J.~E. and {Oke}, J.~B.},
        title = "{Spectrophotometry of faint cluster galaxies and the Hubble diagram: an approach to cosmology.}",
      journal = {\apj},
     keywords = {Astronomical Photometry, Big Bang Cosmology, Galactic Clusters, Hubble Diagram, Red Shift, Spectrophotometry, Astronomical Catalogs, Astronomical Spectroscopy, Elliptical Galaxies, Galactic Evolution, Quasars, Tables (Data), Astrophysics},
         year = "1975",
        month = "Jan",
       volume = {195},
        pages = {255-268},
          doi = {10.1086/153325},
       adsurl = {https://ui.adsabs.harvard.edu/abs/1975ApJ...195..255G},
      adsnote = {Provided by the SAO/NASA Astrophysics Data System}
}

@ARTICLE{LillyLongair1982,
       author = {{Lilly}, S.~J. and {Longair}, M.~S.},
        title = "{Infrared studies of a sample of 3C radio galaxies.}",
      journal = {\mnras},
     keywords = {Astronomical Photometry, Galactic Evolution, Hubble Diagram, Infrared Astronomy, Radio Galaxies, Red Shift, Elliptical Galaxies, Energy Distribution, Luminosity, Stellar Evolution, Stellar Models, Astronomy, Hubble Diagram:Radio Galaxies, Infrared Colors:Radio Galaxies, Infrared Photometry:Radio Galaxies, Radio Galaxies:Evolution},
         year = "1982",
        month = "Jun",
       volume = {199},
        pages = {1053-1068},
          doi = {10.1093/mnras/199.4.1053},
       adsurl = {https://ui.adsabs.harvard.edu/abs/1982MNRAS.199.1053L},
      adsnote = {Provided by the SAO/NASA Astrophysics Data System}
}

@ARTICLE{debreuck2002a,
       author = {{De Breuck}, Carlos and {van Breugel}, Wil and {Stanford}, S.~A. and
         {R{\"o}ttgering}, Huub and {Miley}, George and {Stern}, Daniel},
        title = "{Optical and Near-Infrared Imaging of Ultra-Steep-Spectrum Radio Sources: The K-z Diagram of Radio-selected and Optically Selected Galaxies}",
      journal = {\aj},
     keywords = {Galaxies: Active, Galaxies: Formation, Galaxies: Photometry, Galaxies: Structure, Stars: Pulsars: General, Radio Continuum, Surveys, Astrophysics},
         year = "2002",
        month = "Feb",
       volume = {123},
       number = {2},
        pages = {637-677},
          doi = {10.1086/324632},
archivePrefix = {arXiv},
       eprint = {astro-ph/0109540},
 primaryClass = {astro-ph},
       adsurl = {https://ui.adsabs.harvard.edu/abs/2002AJ....123..637D},
      adsnote = {Provided by the SAO/NASA Astrophysics Data System}
}

@ARTICLE{Inskip2002,
       author = {{Inskip}, K.~J. and {Best}, P.~N. and {Longair}, M.~S. and
         {MacKay}, D.~J.~C.},
        title = "{Infrared magnitude-redshift relations for luminous radio galaxies}",
      journal = {\mnras},
     keywords = {GALAXIES: ACTIVE, GALAXIES: EVOLUTION, COSMOLOGICAL PARAMETERS, RADIO CONTINUUM: GALAXIES, Astrophysics},
         year = "2002",
        month = "Jan",
       volume = {329},
       number = {2},
        pages = {277-289},
          doi = {10.1046/j.1365-8711.2002.04997.x},
archivePrefix = {arXiv},
       eprint = {astro-ph/0110054},
 primaryClass = {astro-ph},
       adsurl = {https://ui.adsabs.harvard.edu/abs/2002MNRAS.329..277I},
      adsnote = {Provided by the SAO/NASA Astrophysics Data System}
}

@ARTICLE{Eales1997,
       author = {{Eales}, Stephen and {Rawlings}, Steve and {Law-Green}, Duncan and
         {Cotter}, Garret and {Lacy}, Mark},
        title = "{A first sample of faint radio sources with virtually complete redshifts - I. Infrared images, the Hubble diagram and the alignment effect}",
      journal = {\mnras},
     keywords = {Radio Sources (Astronomy), Red Shift, Infrared Astronomy, Hubble Diagram, Radio Galaxies, Infrared Imagery, Alignment, Astrophysics, EARLY UNIVERSE, INFRARED: GENERAL, RADIO CONTINUUM: GENERAL, Astrophysics},
         year = "1997",
        month = "Nov",
       volume = {291},
       number = {4},
        pages = {593-615},
          doi = {10.1093/mnras/291.4.593},
archivePrefix = {arXiv},
       eprint = {astro-ph/9701023},
 primaryClass = {astro-ph},
       adsurl = {https://ui.adsabs.harvard.edu/abs/1997MNRAS.291..593E},
      adsnote = {Provided by the SAO/NASA Astrophysics Data System}
}

@ARTICLE{EalesRawlings1996,
       author = {{Eales}, Stephen A. and {Rawlings}, Steve},
        title = "{A Panoramic View of Radio Galaxy Evolution from a Redshift of 0 to a Redshift of 4.3}",
      journal = {\apj},
     keywords = {COSMOLOGY: OBSERVATIONS, GALAXIES: DISTANCES AND REDSHIFTS, INFRARED: GALAXIES},
         year = "1996",
        month = "Mar",
       volume = {460},
        pages = {68},
          doi = {10.1086/176953},
       adsurl = {https://ui.adsabs.harvard.edu/abs/1996ApJ...460...68E},
      adsnote = {Provided by the SAO/NASA Astrophysics Data System}
}

@ARTICLE{RanaBasu1992,
       author = {{Rana}, N.~C. and {Basu}, S.},
        title = "{Derivation of the age-metallicity relation and initial mass function of stars in the solar neighbourhood.}",
      journal = {\aap},
     keywords = {Metallicity, Solar Neighborhood, Stellar Evolution, Stellar Mass, Astronomical Models, Chemical Evolution, Dark Matter, Star Distribution, Astrophysics},
         year = "1992",
        month = "Nov",
       volume = {265},
        pages = {499-503},
       adsurl = {https://ui.adsabs.harvard.edu/abs/1992A&A...265..499R},
      adsnote = {Provided by the SAO/NASA Astrophysics Data System}
}

@INPROCEEDINGS{Zaroubi2013,
       author = {{Zaroubi}, Saleem},
        title = "{The Epoch of Reionization}",
     keywords = {Physics, Astrophysics - Cosmology and Nongalactic Astrophysics},
    booktitle = {The First Galaxies},
         year = "2013",
       editor = {{Wiklind}, Tommy and {Mobasher}, Bahram and {Bromm}, Volker},
       series = {Astrophysics and Space Science Library},
       volume = {396},
        month = "Jan",
        pages = {45},
          doi = {10.1007/978-3-642-32362-1_2},
archivePrefix = {arXiv},
       eprint = {1206.0267},
 primaryClass = {astro-ph.CO},
       adsurl = {https://ui.adsabs.harvard.edu/abs/2013ASSL..396...45Z},
      adsnote = {Provided by the SAO/NASA Astrophysics Data System}
}

@ARTICLE{Werner2004,
       author = {{Werner}, M.~W. and {Roellig}, T.~L. and {Low}, F.~J. and
         {Rieke}, G.~H. and {Rieke}, M. and {Hoffmann}, W.~F. and {Young}, E. and
         {Houck}, J.~R. and {Brandl}, B. and {Fazio}, G.~G. and {Hora}, J.~L. and
         {Gehrz}, R.~D. and {Helou}, G. and {Soifer}, B.~T. and {Stauffer}, J. and
         {Keene}, J. and {Eisenhardt}, P. and {Gallagher}, D. and
         {Gautier}, T.~N. and {Irace}, W. and {Lawrence}, C.~R. and
         {Simmons}, L. and {Van Cleve}, J.~E. and {Jura}, M. and
         {Wright}, E.~L. and {Cruikshank}, D.~P.},
        title = "{The Spitzer Space Telescope Mission}",
      journal = {\apjs},
     keywords = {Space Vehicles: Instruments, Telescopes, Astrophysics},
         year = "2004",
        month = "Sep",
       volume = {154},
       number = {1},
        pages = {1-9},
          doi = {10.1086/422992},
archivePrefix = {arXiv},
       eprint = {astro-ph/0406223},
 primaryClass = {astro-ph},
       adsurl = {https://ui.adsabs.harvard.edu/abs/2004ApJS..154....1W},
      adsnote = {Provided by the SAO/NASA Astrophysics Data System}
}

@ARTICLE{Songaila1994,
       author = {{Songaila}, A. and {Cowie}, L.~L. and {Hu}, E.~M. and {Gardner}, J.~P.},
        title = "{The Hawaii K-Band Galaxy Survey. III. Spectroscopy of K \&lt; 20 Galaxies}",
      journal = {\apjs},
     keywords = {Cosmology, Extremely High Frequencies, Galactic Evolution, Sky Surveys (Astronomy), Balmer Series, Hubble Diagram, Red Shift, Star Formation Rate, Stellar Luminosity, Astrophysics, COSMOLOGY: OBSERVATIONS, GALAXIES: DISTANCES AND REDSHIFTS, GALAXIES: EVOLUTION, INFRARED: GALAXIES, SURVEYS},
         year = "1994",
        month = "Oct",
       volume = {94},
        pages = {461},
          doi = {10.1086/192080},
       adsurl = {https://ui.adsabs.harvard.edu/abs/1994ApJS...94..461S},
      adsnote = {Provided by the SAO/NASA Astrophysics Data System}
}

@ARTICLE{Dickinson2003,
       author = {{Dickinson}, Mark and {Papovich}, Casey and {Ferguson}, Henry C. and
         {Budav{\'a}ri}, Tam{\'a}s},
        title = "{The Evolution of the Global Stellar Mass Density at 0\&lt;z\&lt;3}",
      journal = {\apj},
     keywords = {Cosmology: Early Universe, Galaxies: Evolution, Galaxies: High-Redshift, Galaxies: Stellar Content, Infrared: Galaxies, Astrophysics},
         year = "2003",
        month = "Apr",
       volume = {587},
       number = {1},
        pages = {25-40},
          doi = {10.1086/368111},
archivePrefix = {arXiv},
       eprint = {astro-ph/0212242},
 primaryClass = {astro-ph},
       adsurl = {https://ui.adsabs.harvard.edu/abs/2003ApJ...587...25D},
      adsnote = {Provided by the SAO/NASA Astrophysics Data System}
}

@ARTICLE{Reber1944,
       author = {{Reber}, Grote},
        title = "{Cosmic Static.}",
      journal = {\apj},
         year = "1944",
        month = "Nov",
       volume = {100},
        pages = {279},
          doi = {10.1086/144668},
       adsurl = {https://ui.adsabs.harvard.edu/abs/1944ApJ...100..279R},
      adsnote = {Provided by the SAO/NASA Astrophysics Data System}
}

@ARTICLE{Best2005a,
       author = {{Best}, P.~N. and {Kauffmann}, G. and {Heckman}, T.~M. and
         {Ivezi{\'c}}, {\v{Z}}.},
        title = "{A sample of radio-loud active galactic nuclei in the Sloan Digital Sky Survey}",
      journal = {\mnras},
     keywords = {surveys, galaxies: active, galaxies: evolution, galaxies: luminosity function, mass function, galaxies: starburst, radio continuum: galaxies, Astrophysics},
         year = "2005",
        month = "Sep",
       volume = {362},
       number = {1},
        pages = {9-24},
          doi = {10.1111/j.1365-2966.2005.09283.x},
archivePrefix = {arXiv},
       eprint = {astro-ph/0506268},
 primaryClass = {astro-ph},
       adsurl = {https://ui.adsabs.harvard.edu/abs/2005MNRAS.362....9B},
      adsnote = {Provided by the SAO/NASA Astrophysics Data System}
}

@ARTICLE{Miller1990,
       author = {{Miller}, L. and {Peacock}, J.~A. and {Mead}, A.~R.~G.},
        title = "{The bimodal radio luminosity function of quasars.}",
      journal = {\mnras},
     keywords = {Quasars, Radio Astronomy, Radio Emission, Astronomical Spectroscopy, Luminosity, Red Shift, Astrophysics},
         year = "1990",
        month = "May",
       volume = {244},
        pages = {207-213},
       adsurl = {https://ui.adsabs.harvard.edu/abs/1990MNRAS.244..207M},
      adsnote = {Provided by the SAO/NASA Astrophysics Data System}
}

@ARTICLE{Drouart2012,
       author = {{Drouart}, G. and {De Breuck}, C. and {Vernet}, J. and {Laing}, R.~A. and
         {Seymour}, N. and {Stern}, D. and {Haas}, M. and {Pier}, E.~A. and
         {Rocca-Volmerange}, B.},
        title = "{Jet and torus orientations in high redshift radio galaxies}",
      journal = {\aap},
     keywords = {galaxies: high-redshift, galaxies: active, radio continuum: galaxies, infrared: galaxies, galaxies: jets, quasars: general, Astrophysics - Cosmology and Nongalactic Astrophysics},
         year = "2012",
        month = "Dec",
       volume = {548},
          eid = {A45},
        pages = {A45},
          doi = {10.1051/0004-6361/201220059},
archivePrefix = {arXiv},
       eprint = {1209.5399},
 primaryClass = {astro-ph.CO},
       adsurl = {https://ui.adsabs.harvard.edu/abs/2012A&A...548A..45D},
      adsnote = {Provided by the SAO/NASA Astrophysics Data System}
}

@ARTICLE{Padovani1993,
       author = {{Padovani}, P.},
        title = "{The radio-loud fraction and its dependence on magnitude and redshift.}",
      journal = {\mnras},
         year = "1993",
        month = "Jul",
       volume = {263},
        pages = {461-470},
          doi = {10.1093/mnras/263.2.461},
       adsurl = {https://ui.adsabs.harvard.edu/abs/1993MNRAS.263..461P},
      adsnote = {Provided by the SAO/NASA Astrophysics Data System}
}

@ARTICLE{Madau1996,
       author = {{Madau}, Piero and {Ferguson}, Henry C. and {Dickinson}, Mark E. and
         {Giavalisco}, Mauro and {Steidel}, Charles C. and {Fruchter}, Andrew},
        title = "{High-redshift galaxies in the Hubble Deep Field: colour selection and star formation history to z\raisebox{-0.5ex}\textasciitilde4}",
      journal = {\mnras},
     keywords = {STARS: FORMATION, GALAXIES: EVOLUTION, INTERGALACTIC MEDIUM, QUASARS: ABSORPTION LINES, COSMOLOGY: OBSERVATIONS, ULTRAVIOLET: GALAXIES, Astrophysics},
         year = "1996",
        month = "Dec",
       volume = {283},
       number = {4},
        pages = {1388-1404},
          doi = {10.1093/mnras/283.4.1388},
archivePrefix = {arXiv},
       eprint = {astro-ph/9607172},
 primaryClass = {astro-ph},
       adsurl = {https://ui.adsabs.harvard.edu/abs/1996MNRAS.283.1388M},
      adsnote = {Provided by the SAO/NASA Astrophysics Data System}
}

@ARTICLE{Lilly1995,
       author = {{Lilly}, S.~J. and {Tresse}, L. and {Hammer}, F. and {Crampton}, David and
         {Le Fevre}, O.},
        title = "{The Canada-France Redshift Survey. VI. Evolution of the Galaxy Luminosity Function to Z approximately 1}",
      journal = {\apj},
     keywords = {COSMOLOGY: OBSERVATIONS, GALAXIES: DISTANCES AND REDSHIFTS, GALAXIES: LUMINOSITY FUNCTION, MASS FUNCTION, Astrophysics},
         year = "1995",
        month = "Dec",
       volume = {455},
        pages = {108},
          doi = {10.1086/176560},
archivePrefix = {arXiv},
       eprint = {astro-ph/9507079},
 primaryClass = {astro-ph},
       adsurl = {https://ui.adsabs.harvard.edu/abs/1995ApJ...455..108L},
      adsnote = {Provided by the SAO/NASA Astrophysics Data System}
}

@ARTICLE{Vernet2001,
       author = {{Vernet}, J. and {Fosbury}, R.~A.~E. and {Villar-Mart{\'\i}n}, M. and
         {Cohen}, M.~H. and {Cimatti}, A. and {di Serego Alighieri}, S. and
         {Goodrich}, R.~W.},
        title = "{Radio galaxies at z \raisebox{-0.5ex}\textasciitilde 2.5: Results from Keck spectropolarimetry}",
      journal = {\aap},
     keywords = {TECHNIQUES: POLARIMETRIC, GALAXIES: ACTIVE, GALAXIES: EVOLUTION, GALAXIES: ABUNDANCES, GALAXIES: STARBURST, SCATTERING, Astrophysics},
         year = "2001",
        month = "Jan",
       volume = {366},
        pages = {7-25},
          doi = {10.1051/0004-6361:20000076},
archivePrefix = {arXiv},
       eprint = {astro-ph/0010640},
 primaryClass = {astro-ph},
       adsurl = {https://ui.adsabs.harvard.edu/abs/2001A&A...366....7V},
      adsnote = {Provided by the SAO/NASA Astrophysics Data System}
}

@ARTICLE{Kennicutt1998,
       author = {{Kennicutt}, Robert C., Jr.},
        title = "{Star Formation in Galaxies Along the Hubble Sequence}",
      journal = {\araa},
     keywords = {Astrophysics},
         year = "1998",
        month = "Jan",
       volume = {36},
        pages = {189-232},
          doi = {10.1146/annurev.astro.36.1.189},
archivePrefix = {arXiv},
       eprint = {astro-ph/9807187},
 primaryClass = {astro-ph},
       adsurl = {https://ui.adsabs.harvard.edu/abs/1998ARA&A..36..189K},
      adsnote = {Provided by the SAO/NASA Astrophysics Data System}
}

@ARTICLE{Schreiber2015,
       author = {{Schreiber}, C. and {Pannella}, M. and {Elbaz}, D. and
         {B{\'e}thermin}, M. and {Inami}, H. and {Dickinson}, M. and
         {Magnelli}, B. and {Wang}, T. and {Aussel}, H. and {Daddi}, E. and
         {Juneau}, S. and {Shu}, X. and {Sargent}, M.~T. and {Buat}, V. and
         {Faber}, S.~M. and {Ferguson}, H.~C. and {Giavalisco}, M. and
         {Koekemoer}, A.~M. and {Magdis}, G. and {Morrison}, G.~E. and
         {Papovich}, C. and {Santini}, P. and {Scott}, D.},
        title = "{The Herschel view of the dominant mode of galaxy growth from z = 4 to the present day}",
      journal = {\aap},
     keywords = {methods: statistical, galaxies: evolution, galaxies: active, galaxies: starburst, Astrophysics - Astrophysics of Galaxies},
         year = "2015",
        month = "Mar",
       volume = {575},
          eid = {A74},
        pages = {A74},
          doi = {10.1051/0004-6361/201425017},
archivePrefix = {arXiv},
       eprint = {1409.5433},
 primaryClass = {astro-ph.GA},
       adsurl = {https://ui.adsabs.harvard.edu/abs/2015A&A...575A..74S},
      adsnote = {Provided by the SAO/NASA Astrophysics Data System}
}
@ARTICLE{Santini2017,
       author = {{Santini}, Paola and {Fontana}, Adriano and {Castellano}, Marco and
         {Di Criscienzo}, Marcella and {Merlin}, Emiliano and {Amorin}, Ricardo and
         {Cullen}, Fergus and {Daddi}, Emanuele and {Dickinson}, Mark and
         {Dunlop}, James S. and {Grazian}, Andrea and {Lamastra}, Alessandra and
         {McLure}, Ross J. and {Micha{\l}owski}, Micha{\l}. J. and
         {Pentericci}, Laura and {Shu}, Xinwen},
        title = "{The Star Formation Main Sequence in the Hubble Space Telescope Frontier Fields}",
      journal = {\apj},
     keywords = {galaxies: evolution, galaxies: formation, galaxies: high-redshift, galaxies: star formation, Astrophysics - Astrophysics of Galaxies},
         year = "2017",
        month = "Sep",
       volume = {847},
       number = {1},
          eid = {76},
        pages = {76},
          doi = {10.3847/1538-4357/aa8874},
archivePrefix = {arXiv},
       eprint = {1706.07059},
 primaryClass = {astro-ph.GA},
       adsurl = {https://ui.adsabs.harvard.edu/abs/2017ApJ...847...76S},
      adsnote = {Provided by the SAO/NASA Astrophysics Data System}
}

@ARTICLE{Banados2018,
       author = {{Ba{\~n}ados}, Eduardo and {Carilli}, Chris and {Walter}, Fabian and
         {Momjian}, Emmanuel and {Decarli}, Roberto and {Farina}, Emanuele P. and
         {Mazzucchelli}, Chiara and {Venemans}, Bram P.},
        title = "{A Powerful Radio-loud Quasar at the End of Cosmic Reionization}",
      journal = {\apjl},
     keywords = {cosmology: observations, early universe, quasars: individual: PSO J352.4034-15.3373, Astrophysics - Astrophysics of Galaxies},
         year = "2018",
        month = "Jul",
       volume = {861},
       number = {2},
          eid = {L14},
        pages = {L14},
          doi = {10.3847/2041-8213/aac511},
archivePrefix = {arXiv},
       eprint = {1807.02531},
 primaryClass = {astro-ph.GA},
       adsurl = {https://ui.adsabs.harvard.edu/abs/2018ApJ...861L..14B},
      adsnote = {Provided by the SAO/NASA Astrophysics Data System}
}

@ARTICLE{Fan2006,
       author = {{Fan}, Xiaohui},
        title = "{Evolution of high-redshift quasars}",
      journal = {\nar},
         year = "2006",
        month = "Nov",
       volume = {50},
       number = {9-10},
        pages = {665-671},
          doi = {10.1016/j.newar.2006.06.077},
       adsurl = {https://ui.adsabs.harvard.edu/abs/2006NewAR..50..665F},
      adsnote = {Provided by the SAO/NASA Astrophysics Data System}
}

@ARTICLE{Best1998a,
       author = {{Best}, P.~N. and {Longair}, M.~S. and {Roettgering}, H.~J.~A.},
        title = "{HST, radio and infrared observations of 28 3CR radio galaxies at redshift z\raisebox{-0.5ex}\textasciitilde1 - II. Old stellar populations in central cluster galaxies}",
      journal = {\mnras},
     keywords = {Hubble Space Telescope, Radio Galaxies, Infrared Astronomy, Radio Astronomy, Red Shift, Galactic Clusters, Star Distribution, Infrared Imagery, Spectral Energy Distribution, Spectral Emission, Stellar Magnitude, Stellar Evolution, Astronomy, GALAXIES: ACTIVE, GALAXIES: EVOLUTION, GALAXIES: FUNDAMENTAL PARAMETERS, INFRARED: GALAXIES, RADIO CONTINUUM: GALAXIES, Astrophysics},
         year = "1998",
        month = "Apr",
       volume = {295},
       number = {3},
        pages = {549-567},
          doi = {10.1046/j.1365-8711.1998.01245.x},
archivePrefix = {arXiv},
       eprint = {astro-ph/9709195},
 primaryClass = {astro-ph},
       adsurl = {https://ui.adsabs.harvard.edu/abs/1998MNRAS.295..549B},
      adsnote = {Provided by the SAO/NASA Astrophysics Data System}
}

@ARTICLE{Ryle1950,
       author = {{Ryle}, M. and {Smith}, F.~G. and {Elsmore}, B.},
        title = "{A preliminary survey of the radio stars in the Northern Hemisphere}",
      journal = {\mnras},
         year = "1950",
        month = "Jan",
       volume = {110},
        pages = {508},
          doi = {10.1093/mnras/110.6.508},
       adsurl = {https://ui.adsabs.harvard.edu/abs/1950MNRAS.110..508R},
      adsnote = {Provided by the SAO/NASA Astrophysics Data System}
}

@ARTICLE{Veron1966,
       author = {{V{\'e}ron}, P.},
        title = "{Optical Positions for Radio Sources in the 3c Revised Catalogue}",
      journal = {\apj},
         year = "1966",
        month = "Jun",
       volume = {144},
        pages = {861},
          doi = {10.1086/148682},
       adsurl = {https://ui.adsabs.harvard.edu/abs/1966ApJ...144..861V},
      adsnote = {Provided by the SAO/NASA Astrophysics Data System}
}

@ARTICLE{Shakeshaft1955,
       author = {{Shakeshaft}, J.~R. and {Ryle}, M. and {Baldwin}, J.~E. and
         {Elsmore}, B. and {Thomson}, J.~H.},
        title = "{A survey of radio sources between declinations {\textemdash}38{\textdegree} and +83{\textdegree}.}",
      journal = {\memras},
         year = "1955",
        month = "Jan",
       volume = {67},
        pages = {106},
       adsurl = {https://ui.adsabs.harvard.edu/abs/1955MmRAS..67..106S},
      adsnote = {Provided by the SAO/NASA Astrophysics Data System}
}

@ARTICLE{Edge1959,
       author = {{Edge}, D.~O. and {Shakeshaft}, J.~R. and {McAdam}, W.~B. and
         {Baldwin}, J.~E. and {Archer}, S.},
        title = "{A survey of radio sources at a frequency of 159 Mc/s.}",
      journal = {\memras},
         year = "1959",
        month = "Jan",
       volume = {68},
        pages = {37-60},
       adsurl = {https://ui.adsabs.harvard.edu/abs/1959MmRAS..68...37E},
      adsnote = {Provided by the SAO/NASA Astrophysics Data System}
}

@ARTICLE{Minkowski1960,
       author = {{Minkowski}, R.},
        title = "{A New Distant Cluster of Galaxies.}",
      journal = {\apj},
         year = "1960",
        month = "Nov",
       volume = {132},
        pages = {908-910},
          doi = {10.1086/146994},
       adsurl = {https://ui.adsabs.harvard.edu/abs/1960ApJ...132..908M},
      adsnote = {Provided by the SAO/NASA Astrophysics Data System}
}

@ARTICLE{Leslie1961,
       author = {{Leslie}, P.~R.~R.},
        title = "{The surface brightness of radio sources at galactic latitudes greater than 20\&amp;deg}",
      journal = {\mnras},
         year = "1961",
        month = "Jan",
       volume = {122},
        pages = {51},
          doi = {10.1093/mnras/122.1.51},
       adsurl = {https://ui.adsabs.harvard.edu/abs/1961MNRAS.122...51L},
      adsnote = {Provided by the SAO/NASA Astrophysics Data System}
}

@ARTICLE{AMIConsortium2011,
       author = {{AMI Consortium} and {Davies}, Mathhew L. and {Franzen}, Thomas M.~O. and
         {Waldram}, Elizabeth M. and {Grainge}, Keith J.~B. and
         {Hobson}, Michael P. and {Hurley-Walker}, Natasha and
         {Lasenby}, Anthony and {Olamaie}, Malak and {Pooley}, Guy G. and
         {Riley}, Julia M. and {Rodr{\'\i}guez-Gonz{\'a}lvez}, Carmen and
         {Saunders}, Richard D.~E. and {Scaife}, Anna M.~M. and
         {Schammel}, Michel P. and {Scott}, Paul F. and {Shimwell}, Timothy W. and
         {Titterington}, David J. and {Zwart}, Jonathan T.~L.},
        title = "{10C survey of radio sources at 15.7 GHz - II. First results}",
      journal = {\mnras},
     keywords = {catalogues, surveys, radio continuum: galaxies, radio continuum: general, Astrophysics - Cosmology and Nongalactic Astrophysics},
         year = "2011",
        month = "Aug",
       volume = {415},
       number = {3},
        pages = {2708-2722},
          doi = {10.1111/j.1365-2966.2011.18925.x},
archivePrefix = {arXiv},
       eprint = {1012.3659},
 primaryClass = {astro-ph.CO},
       adsurl = {https://ui.adsabs.harvard.edu/abs/2011MNRAS.415.2708A},
      adsnote = {Provided by the SAO/NASA Astrophysics Data System}
}

@ARTICLE{McCarthy1991,
       author = {{McCarthy}, P.~J. and {van Breughel}, W. and {Kapahi}, V.~K. and
         {Subrahmanya}, C.~R.},
        title = "{High Redshift Radio Galaxies From the Molonglo Catalogue.II}",
      journal = {\aj},
     keywords = {Astronomical Catalogs, Radio Galaxies, Red Shift, Very Large Array (Vla), Astrometry, Emission Spectra, Line Spectra, Radio Sources (Astronomy), Sky Surveys (Astronomy), Astrophysics, RADIO SOURCES: GALAXIES},
         year = "1991",
        month = "Aug",
       volume = {102},
        pages = {522},
          doi = {10.1086/115891},
       adsurl = {https://ui.adsabs.harvard.edu/abs/1991AJ....102..522M},
      adsnote = {Provided by the SAO/NASA Astrophysics Data System}
}

@ARTICLE{Tielens1979,
       author = {{Tielens}, A.~G.~G.~M. and {Miley}, G.~K. and {Willis}, A.~G.},
        title = "{Westerbork Observations of 4C Sources with Steep Radio Spectra}",
      journal = {\aaps},
         year = "1979",
        month = "Feb",
       volume = {35},
        pages = {153},
       adsurl = {https://ui.adsabs.harvard.edu/abs/1979A&AS...35..153T},
      adsnote = {Provided by the SAO/NASA Astrophysics Data System}
}

@ARTICLE{LaingRileyLongair1983,
       author = {{Laing}, R.~A. and {Riley}, J.~M. and {Longair}, M.~S.},
        title = "{Bright radio sources at 178 MHz : flux densities, optical identifications and the cosmological evolution of powerful radio galaxies.}",
      journal = {\mnras},
     keywords = {Cosmology, Galactic Evolution, Radio Galaxies, Astronomical Catalogs, Luminosity, Magnitude, Quasars, Radiant Flux Density, Red Shift, Visible Spectrum, Astrophysics},
         year = "1983",
        month = "Jul",
       volume = {204},
        pages = {151-187},
          doi = {10.1093/mnras/204.1.151},
       adsurl = {https://ui.adsabs.harvard.edu/abs/1983MNRAS.204..151L},
      adsnote = {Provided by the SAO/NASA Astrophysics Data System}
}

@INPROCEEDINGS{ChambersMiley1990,
       author = {{Chambers}, K.~C. and {Miley}, G.~K.},
        title = "{High redshift radio galaxies and the alignment effect.}",
     keywords = {Radio Galaxies, Red Shift, Star Formation, Alignment, Gravitational Lenses, Instrument Orientation, Massive Stars, Spectral Energy Distribution, Astrophysics, Radio Galaxies: Alignment, Radio Galaxies: Redshifts},
    booktitle = {Evolution of the Universe of Galaxies},
         year = "1990",
       editor = {{Kron}, Richard G.},
       series = {Astronomical Society of the Pacific Conference Series},
       volume = {10},
        month = "Jan",
        pages = {373-388},
       adsurl = {https://ui.adsabs.harvard.edu/abs/1990ASPC...10..373C},
      adsnote = {Provided by the SAO/NASA Astrophysics Data System}
}

@ARTICLE{Bennett1962,
       author = {{Bennett}, A.~S.},
        title = "{The revised 3C catalogue of radio sources.}",
      journal = {\memras},
         year = "1962",
        month = "Jan",
       volume = {68},
        pages = {163},
       adsurl = {https://ui.adsabs.harvard.edu/abs/1962MmRAS..68..163B},
      adsnote = {Provided by the SAO/NASA Astrophysics Data System}
}

@ARTICLE{McCarthy1990,
       author = {{McCarthy}, P.~J. and {Kapahi}, V.~K. and {van Breugel}, W. and
         {Subrahmanya}, C.~R.},
        title = "{High-Redshift Radio Galaxies from the Molonglo Catalogue}",
      journal = {\aj},
     keywords = {Astronomical Catalogs, Astronomical Spectroscopy, Radio Astronomy, Radio Galaxies, Red Shift, Flux Density, Imaging Techniques, Southern Hemisphere, Astronomy, RADIO SOURCES: GALAXIES},
         year = "1990",
        month = "Oct",
       volume = {100},
        pages = {1014},
          doi = {10.1086/115575},
       adsurl = {https://ui.adsabs.harvard.edu/abs/1990AJ....100.1014M},
      adsnote = {Provided by the SAO/NASA Astrophysics Data System}
}

@ARTICLE{Hunstead1972,
       author = {{Hunstead}, R.~W.},
        title = "{Accurate positions of radio sources at 408 MHz.}",
      journal = {\mnras},
         year = "1972",
        month = "Jan",
       volume = {157},
        pages = {367-402},
          doi = {10.1093/mnras/157.4.367},
       adsurl = {https://ui.adsabs.harvard.edu/abs/1972MNRAS.157..367H},
      adsnote = {Provided by the SAO/NASA Astrophysics Data System}
}

@ARTICLE{Planck2016,
   author = {{Planck Collaboration} and {Ade}, P.~A.~R. and {Aghanim}, N. and 
	{Arnaud}, M. and {Ashdown}, M. and {Aumont}, J. and {Baccigalupi}, C. and 
	{Banday}, A.~J. and {Barreiro}, R.~B. and {Bartlett}, J.~G. and et al.},
    title = "{Planck 2015 results. XIII. Cosmological parameters}",
  journal = {\aap},
archivePrefix = "arXiv",
   eprint = {1502.01589},
 keywords = {cosmology: observations, cosmology: theory, cosmic background radiation, cosmological parameters},
     year = 2016,
    month = sep,
   volume = 594,
      eid = {A13},
    pages = {A13},
      doi = {10.1051/0004-6361/201525830},
   adsurl = {https://ui.adsabs.harvard.edu/abs/2016A%26A...594A..13P},
  adsnote = {Provided by the SAO/NASA Astrophysics Data System}
}

@ARTICLE{Carilli1997,
       author = {{Carilli}, C.~L. and {R{\"o}ttgering}, H.~J.~A. and {van Ojik}, R. and
         {Miley}, G.~K. and {van Breugel}, W.~J.~M.},
        title = "{Radio Continuum Imaging of High-Redshift Radio Galaxies}",
      journal = {\apjs},
     keywords = {GALAXIES: STRUCTURE, POLARIZATION, RADIO CONTINUUM: GALAXIES, Galaxies: Structure, Polarization, Radio Continuum: Galaxies, Astrophysics},
         year = "1997",
        month = "Jan",
       volume = {109},
       number = {1},
        pages = {1-44},
          doi = {10.1086/312973},
archivePrefix = {arXiv},
       eprint = {astro-ph/9610157},
 primaryClass = {astro-ph},
       adsurl = {https://ui.adsabs.harvard.edu/abs/1997ApJS..109....1C},
      adsnote = {Provided by the SAO/NASA Astrophysics Data System}
}

@ARTICLE{debreuck2000,
       author = {{De Breuck}, C. and {van Breugel}, W. and {R{\"o}ttgering}, H.~J.~A. and
         {Miley}, G.},
        title = "{A sample of 669 ultra steep spectrum radio sources to find high redshift radio galaxies}",
      journal = {\aaps},
     keywords = {SURVEYS, GALAXIES: ACTIVE, RADIO CONTINUUM: GALAXIES, Astrophysics},
         year = "2000",
        month = "Apr",
       volume = {143},
        pages = {303-333},
          doi = {10.1051/aas:2000181},
archivePrefix = {arXiv},
       eprint = {astro-ph/0002297},
 primaryClass = {astro-ph},
       adsurl = {https://ui.adsabs.harvard.edu/abs/2000A&AS..143..303D},
      adsnote = {Provided by the SAO/NASA Astrophysics Data System}
}

@ARTICLE{Klamer2006,
       author = {{Klamer}, Ilana J. and {Ekers}, Ron D. and {Bryant}, Julia J. and
         {Hunstead}, Richard W. and {Sadler}, Elaine M. and {De Breuck}, Carlos},
        title = "{A search for distant radio galaxies from SUMSS and NVSS - III. Radio spectral energy distributions and the z-{\ensuremath{\alpha}} correlation}",
      journal = {\mnras},
     keywords = {surveys: galaxies: active: radio continuum: galaxies: radio continuum: general, surveys, galaxies: active, radio continuum: galaxies, radio continuum: general, Astrophysics},
         year = "2006",
        month = "Sep",
       volume = {371},
       number = {2},
        pages = {852-866},
          doi = {10.1111/j.1365-2966.2006.10714.x},
archivePrefix = {arXiv},
       eprint = {astro-ph/0606469},
 primaryClass = {astro-ph},
       adsurl = {https://ui.adsabs.harvard.edu/abs/2006MNRAS.371..852K},
      adsnote = {Provided by the SAO/NASA Astrophysics Data System}
}

@ARTICLE{Bicknell2000,
       author = {{Bicknell}, Geoffrey V. and {Sutherland}, Ralph S. and
         {van Breugel}, Wil J.~M. and {Dopita}, Michael A. and {Dey}, Arjun and
         {Miley}, George K.},
        title = "{Jet-induced Emission-Line Nebulosity and Star Formation in the High-Redshift Radio Galaxy 4C 41.17}",
      journal = {\apj},
     keywords = {galaxies: individual (4C 41.17), Galaxies: ISM, Galaxies: Jets, Galaxies: Structure, Stars: Formation, Astrophysics},
         year = "2000",
        month = "Sep",
       volume = {540},
       number = {2},
        pages = {678-686},
          doi = {10.1086/309343},
archivePrefix = {arXiv},
       eprint = {astro-ph/9909218},
 primaryClass = {astro-ph},
       adsurl = {https://ui.adsabs.harvard.edu/abs/2000ApJ...540..678B},
      adsnote = {Provided by the SAO/NASA Astrophysics Data System}
}

@ARTICLE{Rees1989,
       author = {{Rees}, Martin J.},
        title = "{The radio/optical alignment of high-z radio galaxies : triggering of star formation in radio lobes.}",
      journal = {\mnras},
     keywords = {Astronomical Models, Galactic Evolution, Radio Galaxies, Radio Spectra, Star Formation, Galactic Nuclei, Red Shift, Temperature, Visible Spectrum, Astrophysics},
         year = "1989",
        month = "Jul",
       volume = {239},
        pages = {1P-4},
          doi = {10.1093/mnras/239.1.1P},
       adsurl = {https://ui.adsabs.harvard.edu/abs/1989MNRAS.239P...1R},
      adsnote = {Provided by the SAO/NASA Astrophysics Data System}
}

@ARTICLE{Lehner2015,
       author = {{Lehner}, Nicolas and {Howk}, J. Christopher and {Wakker}, Bart P.},
        title = "{Evidence for a Massive, Extended Circumgalactic Medium Around the Andromeda Galaxy}",
      journal = {\apj},
     keywords = {galaxies: halos, galaxies: individual: M31, intergalactic medium, Local Group, quasars: absorption lines, Astrophysics - Astrophysics of Galaxies},
         year = "2015",
        month = "May",
       volume = {804},
       number = {2},
          eid = {79},
        pages = {79},
          doi = {10.1088/0004-637X/804/2/79},
archivePrefix = {arXiv},
       eprint = {1404.6540},
 primaryClass = {astro-ph.GA},
       adsurl = {https://ui.adsabs.harvard.edu/abs/2015ApJ...804...79L},
      adsnote = {Provided by the SAO/NASA Astrophysics Data System}
}


@ARTICLE{Bowen2016,
       author = {{Bowen}, David V. and {Chelouche}, Doron and {Jenkins}, Edward B. and
         {Tripp}, Todd M. and {Pettini}, Max and {York}, Donald G. and
         {Frye}, Brenda L.},
        title = "{The Structure of the Circumgalactic Medium of Galaxies: Cool Accretion Inflow Around NGC 1097}",
      journal = {\apj},
     keywords = {galaxies: halos, galaxies: individual: NGC 1097, quasars: absorption lines, Astrophysics - Astrophysics of Galaxies},
         year = "2016",
        month = "Jul",
       volume = {826},
       number = {1},
          eid = {50},
        pages = {50},
          doi = {10.3847/0004-637X/826/1/50},
archivePrefix = {arXiv},
       eprint = {1605.04907},
 primaryClass = {astro-ph.GA},
       adsurl = {https://ui.adsabs.harvard.edu/abs/2016ApJ...826...50B},
      adsnote = {Provided by the SAO/NASA Astrophysics Data System}
}

@ARTICLE{RauchHaehnelt2011,
       author = {{Rauch}, Michael and {Haehnelt}, Martin G.},
        title = "{Faint resonantly scattered Ly{\ensuremath{\alpha}} emission from the absorption troughs of damped Ly{\ensuremath{\alpha}} systems at zÌƒ 3}",
      journal = {\mnras},
     keywords = {line: profiles, radiative transfer, galaxies: dwarf, galaxies: formation, galaxies: high-redshift, quasars: absorption lines, Astrophysics - Cosmology and Nongalactic Astrophysics},
         year = "2011",
        month = "Mar",
       volume = {412},
       number = {1},
        pages = {L55-L57},
          doi = {10.1111/j.1745-3933.2010.01004.x},
archivePrefix = {arXiv},
       eprint = {1011.4061},
 primaryClass = {astro-ph.CO},
       adsurl = {https://ui.adsabs.harvard.edu/abs/2011MNRAS.412L..55R},
      adsnote = {Provided by the SAO/NASA Astrophysics Data System}
}

@ARTICLE{Rubin2015,
       author = {{Rubin}, Kate H.~R. and {Hennawi}, Joseph F. and {Prochaska}, J. Xavier and
         {Simcoe}, Robert A. and {Myers}, Adam and {Lau}, Marie Wingyee},
        title = "{Dissecting the Gaseous Halos of z Ìƒ Damped Ly{\ensuremath{\alpha}} Systems with Close Quasar Pairs}",
      journal = {\apj},
     keywords = {galaxies: halos, galaxies: ISM, quasars: absorption lines, Astrophysics - Astrophysics of Galaxies, Astrophysics - Cosmology and Nongalactic Astrophysics},
         year = "2015",
        month = "Jul",
       volume = {808},
       number = {1},
          eid = {38},
        pages = {38},
          doi = {10.1088/0004-637X/808/1/38},
archivePrefix = {arXiv},
       eprint = {1411.6016},
 primaryClass = {astro-ph.GA},
       adsurl = {https://ui.adsabs.harvard.edu/abs/2015ApJ...808...38R},
      adsnote = {Provided by the SAO/NASA Astrophysics Data System}
}

@ARTICLE{Arrigoni-Battaia2016,
       author = {{Arrigoni Battaia}, Fabrizio and {Hennawi}, Joseph F. and
         {Cantalupo}, Sebastiano and {Prochaska}, J. Xavier},
        title = "{The Stacked LY{\ensuremath{\alpha}} Emission Profile from the Circum-Galactic Medium of z Ìƒ 2 Quasars}",
      journal = {\apj},
     keywords = {galaxies: evolution, galaxies: formation, galaxies: halos, galaxies: high-redshift, intergalactic medium, quasars: emission lines, Astrophysics - Cosmology and Nongalactic Astrophysics, Astrophysics - Astrophysics of Galaxies},
         year = "2016",
        month = "Sep",
       volume = {829},
       number = {1},
          eid = {3},
        pages = {3},
          doi = {10.3847/0004-637X/829/1/3},
archivePrefix = {arXiv},
       eprint = {1604.02942},
 primaryClass = {astro-ph.CO},
       adsurl = {https://ui.adsabs.harvard.edu/abs/2016ApJ...829....3A},
      adsnote = {Provided by the SAO/NASA Astrophysics Data System}
}

@ARTICLE{Cantalupo2014,
       author = {{Cantalupo}, Sebastiano and {Arrigoni-Battaia}, Fabrizio and
         {Prochaska}, J. Xavier and {Hennawi}, Joseph F. and {Madau}, Piero},
        title = "{A cosmic web filament revealed in Lyman-{\ensuremath{\alpha}} emission around a luminous high-redshift quasar}",
      journal = {\nat},
     keywords = {Astrophysics - Cosmology and Nongalactic Astrophysics, Astrophysics - Astrophysics of Galaxies},
         year = "2014",
        month = "Feb",
       volume = {506},
       number = {7486},
        pages = {63-66},
          doi = {10.1038/nature12898},
archivePrefix = {arXiv},
       eprint = {1401.4469},
 primaryClass = {astro-ph.CO},
       adsurl = {https://ui.adsabs.harvard.edu/abs/2014Natur.506...63C},
      adsnote = {Provided by the SAO/NASA Astrophysics Data System}
}

@ARTICLE{Cantalupo2019,
       author = {{Cantalupo}, Sebastiano and {Pezzulli}, Gabriele and {Lilly}, Simon J. and
         {Marino}, Raffaella Anna and {Gallego}, Sofia G. and {Schaye}, Joop and
         {Bacon}, Roland and {Feltre}, Anna and {Kollatschny}, Wolfram and
         {Nanayakkara}, Themiya and {Richard}, Johan and {Wendt}, Martin and
         {Wisotzki}, Lutz and {Prochaska}, J. Xavier},
        title = "{The large- and small-scale properties of the intergalactic gas in the Slug Ly {\ensuremath{\alpha}} nebula revealed by MUSE He II emission observations}",
      journal = {\mnras},
     keywords = {galaxies: haloes, galaxies: high-redshift, intergalactic medium, quasars: emission lines, cosmology: observations, Astrophysics - Astrophysics of Galaxies, Astrophysics - Cosmology and Nongalactic Astrophysics},
         year = "2019",
        month = "Mar",
       volume = {483},
       number = {4},
        pages = {5188-5204},
          doi = {10.1093/mnras/sty3481},
archivePrefix = {arXiv},
       eprint = {1811.11783},
 primaryClass = {astro-ph.GA},
       adsurl = {https://ui.adsabs.harvard.edu/abs/2019MNRAS.483.5188C},
      adsnote = {Provided by the SAO/NASA Astrophysics Data System}
}

@ARTICLE{Prescott2015,
       author = {{Prescott}, Moire K.~M. and {Martin}, Crystal L. and {Dey}, Arjun},
        title = "{Spatially Resolved Gas Kinematics within a Ly{\ensuremath{\alpha}} Nebula: Evidence for Large-scale Rotation}",
      journal = {\apj},
     keywords = {galaxies: evolution, galaxies: formation, galaxies: high-redshift, Astrophysics - Astrophysics of Galaxies, Astrophysics - Cosmology and Nongalactic Astrophysics},
         year = "2015",
        month = "Jan",
       volume = {799},
       number = {1},
          eid = {62},
        pages = {62},
          doi = {10.1088/0004-637X/799/1/62},
archivePrefix = {arXiv},
       eprint = {1411.2589},
 primaryClass = {astro-ph.GA},
       adsurl = {https://ui.adsabs.harvard.edu/abs/2015ApJ...799...62P},
      adsnote = {Provided by the SAO/NASA Astrophysics Data System}
}


@ARTICLE{Cai2018,
       author = {{Cai}, Zheng and {Hamden}, Erika and {Matuszewski}, Matt and
         {Prochaska}, J. Xavier and {Li}, Qiong and {Cantalupo}, Sebastiano and
         {Arrigoni Battaia}, Fabrizio and {Martin}, Christopher and
         {Neill}, James D. and {O'Sullivan}, Donal and {Wang}, Ran and
         {Moore}, Anna and {Morrissey}, Patrick},
        title = "{Keck/Palomar Cosmic Web Imagers Reveal an Enormous Ly{\ensuremath{\alpha}} Nebula in an Extremely Overdense Quasi-stellar Object Pair Field at z = 2.45}",
      journal = {\apjl},
     keywords = {galaxies: halos, galaxies: high-redshift, intergalactic medium, quasars: emission lines, Astrophysics - Astrophysics of Galaxies},
         year = "2018",
        month = "Jul",
       volume = {861},
       number = {1},
          eid = {L3},
        pages = {L3},
          doi = {10.3847/2041-8213/aacce6},
archivePrefix = {arXiv},
       eprint = {1803.10781},
 primaryClass = {astro-ph.GA},
       adsurl = {https://ui.adsabs.harvard.edu/abs/2018ApJ...861L...3C},
      adsnote = {Provided by the SAO/NASA Astrophysics Data System}
}

@ARTICLE{Heckman2015,
       author = {{Heckman}, Timothy M. and {Alexandroff}, Rachel M. and
         {Borthakur}, Sanchayeeta and {Overzier}, Roderik and {Leitherer}, Claus},
        title = "{The Systematic Properties of the Warm Phase of Starburst-Driven Galactic Winds}",
      journal = {\apj},
     keywords = {galaxies: evolution, galaxies: ISM, galaxies: kinematics and dynamics, galaxies: starburst, intergalactic medium, Astrophysics - Astrophysics of Galaxies},
         year = "2015",
        month = "Aug",
       volume = {809},
       number = {2},
          eid = {147},
        pages = {147},
          doi = {10.1088/0004-637X/809/2/147},
archivePrefix = {arXiv},
       eprint = {1507.05622},
 primaryClass = {astro-ph.GA},
       adsurl = {https://ui.adsabs.harvard.edu/abs/2015ApJ...809..147H},
      adsnote = {Provided by the SAO/NASA Astrophysics Data System}
}

@ARTICLE{Steidel2010,
       author = {{Steidel}, Charles C. and {Erb}, Dawn K. and {Shapley}, Alice E. and
         {Pettini}, Max and {Reddy}, Naveen and {Bogosavljevi{\'c}}, Milan and
         {Rudie}, Gwen C. and {Rakic}, Olivera},
        title = "{The Structure and Kinematics of the Circumgalactic Medium from Far-ultraviolet Spectra of z \raisebox{-0.5ex}\textasciitilde= 2-3 Galaxies}",
      journal = {\apj},
     keywords = {cosmology: observations, galaxies: evolution, galaxies: high-redshift, Astrophysics - Cosmology and Nongalactic Astrophysics, Astrophysics - Astrophysics of Galaxies},
         year = "2010",
        month = "Jul",
       volume = {717},
       number = {1},
        pages = {289-322},
          doi = {10.1088/0004-637X/717/1/289},
archivePrefix = {arXiv},
       eprint = {1003.0679},
 primaryClass = {astro-ph.CO},
       adsurl = {https://ui.adsabs.harvard.edu/abs/2010ApJ...717..289S},
      adsnote = {Provided by the SAO/NASA Astrophysics Data System}
}


@ARTICLE{SomervilleDave2015,
       author = {{Somerville}, Rachel S. and {Dav{\'e}}, Romeel},
        title = "{Physical Models of Galaxy Formation in a Cosmological Framework}",
      journal = {\araa},
     keywords = {Astrophysics - Astrophysics of Galaxies},
         year = "2015",
        month = "Aug",
       volume = {53},
        pages = {51-113},
          doi = {10.1146/annurev-astro-082812-140951},
archivePrefix = {arXiv},
       eprint = {1412.2712},
 primaryClass = {astro-ph.GA},
       adsurl = {https://ui.adsabs.harvard.edu/abs/2015ARA&A..53...51S},
      adsnote = {Provided by the SAO/NASA Astrophysics Data System}
}

@ARTICLE{Ferland2013,
       author = {{Ferland}, G.~J. and {Porter}, R.~L. and {van Hoof}, P.~A.~M. and
         {Williams}, R.~J.~R. and {Abel}, N.~P. and {Lykins}, M.~L. and
         {Shaw}, G. and {Henney}, W.~J. and {Stancil}, P.~C.},
        title = "{The 2013 Release of Cloudy}",
      journal = {\rmxaa},
     keywords = {atomic processes, galaxies: active, methods: numerical, molecular processes, radiation mechanisms: general, Astrophysics - Galaxy Astrophysics, Astrophysics - Cosmology and Extragalactic Astrophysics, Astrophysics - Instrumentation and Methods for Astrophysics},
         year = "2013",
        month = "Apr",
       volume = {49},
        pages = {137-163},
archivePrefix = {arXiv},
       eprint = {1302.4485},
 primaryClass = {astro-ph.GA},
       adsurl = {https://ui.adsabs.harvard.edu/abs/2013RMxAA..49..137F},
      adsnote = {Provided by the SAO/NASA Astrophysics Data System}
}

@ARTICLE{2010ApJ...714..320A,
       author = {{Anderson}, Michael E. and {Bregman}, Joel N.},
        title = "{Do Hot Halos Around Galaxies Contain the Missing Baryons?}",
      journal = {\apj},
     keywords = {galaxies: formation, galaxies: ISM, Galaxy: general, Astrophysics - Cosmology and Extragalactic Astrophysics},
         year = "2010",
        month = "May",
       volume = {714},
       number = {1},
        pages = {320-331},
          doi = {10.1088/0004-637X/714/1/320},
archivePrefix = {arXiv},
       eprint = {1003.3273},
 primaryClass = {astro-ph.CO},
       adsurl = {https://ui.adsabs.harvard.edu/abs/2010ApJ...714..320A},
      adsnote = {Provided by the SAO/NASA Astrophysics Data System}
}

@ARTICLE{AndersonBregman2010,
       author = {{Anderson}, Michael E. and {Bregman}, Joel N.},
        title = "{Do Hot Halos Around Galaxies Contain the Missing Baryons?}",
      journal = {\apj},
     keywords = {galaxies: formation, galaxies: ISM, Galaxy: general, Astrophysics - Cosmology and Extragalactic Astrophysics},
         year = "2010",
        month = "May",
       volume = {714},
       number = {1},
        pages = {320-331},
          doi = {10.1088/0004-637X/714/1/320},
archivePrefix = {arXiv},
       eprint = {1003.3273},
 primaryClass = {astro-ph.CO},
       adsurl = {https://ui.adsabs.harvard.edu/abs/2010ApJ...714..320A},
      adsnote = {Provided by the SAO/NASA Astrophysics Data System}
}

@ARTICLE{McCarthy1990a,
       author = {{McCarthy}, Patrick J. and {Spinrad}, Hyron and {van Breugel}, Wil and
         {Liebert}, James and {Dickinson}, Mark and {Djorgovski}, S. and
         {Eisenhardt}, Peter},
        title = "{Extended LY alpha Emission Associated with 3C 294}",
      journal = {\apj},
     keywords = {Galactic Evolution, Galactic Radiation, Lyman Alpha Radiation, Radio Galaxies, Red Shift, Emission Spectra, Ionized Gases, Line Spectra, Astrophysics, GALAXIES: EVOLUTION, GALAXIES: INDIVIDUAL ALPHANUMERIC: 3C 294, GALAXIES: REDSHIFTS, RADIO SOURCES: GALAXIES},
         year = "1990",
        month = "Dec",
       volume = {365},
        pages = {487},
          doi = {10.1086/169503},
       adsurl = {https://ui.adsabs.harvard.edu/abs/1990ApJ...365..487M},
      adsnote = {Provided by the SAO/NASA Astrophysics Data System}
}

@ARTICLE{McCarthy1996,
       author = {{McCarthy}, Patrick J. and {Baum}, Stefi A. and {Spinrad}, Hyron},
        title = "{Emission-Line Properties of 3CR Radio Galaxies. II. Velocity Fields in the Extended Emission Lines}",
      journal = {\apjs},
     keywords = {GALAXIES: KINEMATICS AND DYNAMICS, RADIO LINES: GALAXIES},
         year = "1996",
        month = "Oct",
       volume = {106},
        pages = {281},
          doi = {10.1086/192339},
       adsurl = {https://ui.adsabs.harvard.edu/abs/1996ApJS..106..281M},
      adsnote = {Provided by the SAO/NASA Astrophysics Data System}
}

@ARTICLE{Villar-Martin1999a,
       author = {{Villar-Mart{\'\i}n}, M. and {Binette}, L. and {Fosbury}, R.~A.~E.},
        title = "{The nature of the extreme kinematics in the extended gas of high redshift radio galaxies}",
      journal = {\aap},
     keywords = {GALAXIES: ACTIVE, GALAXIES: ISM, GALAXIES: KINEMATICS AND DYNAMICS, COSMOLOGY: OBSERVATIONS, RADIO CONTINUUM: GALAXIES, ULTRAVIOLET: GALAXIES, Astrophysics},
         year = "1999",
        month = "Jun",
       volume = {346},
        pages = {7-12},
archivePrefix = {arXiv},
       eprint = {astro-ph/9903122},
 primaryClass = {astro-ph},
       adsurl = {https://ui.adsabs.harvard.edu/abs/1999A&A...346....7V},
      adsnote = {Provided by the SAO/NASA Astrophysics Data System}
}

@ARTICLE{Torrey2019,
       author = {{Torrey}, Paul and {Vogelsberger}, Mark and {Marinacci}, Federico and
         {Pakmor}, R{\"u}diger and {Springel}, Volker and {Nelson}, Dylan and
         {Naiman}, Jill and {Pillepich}, Annalisa and {Genel}, Shy and
         {Weinberger}, Rainer and {Hernquist}, Lars},
        title = "{The evolution of the mass-metallicity relation and its scatter in IllustrisTNG}",
      journal = {Monthly Notices of the Royal Astronomical Society},
     keywords = {methods: numerical, galaxies: evolution, galaxies: general, Astrophysics - Astrophysics of Galaxies},
         year = "2019",
        month = "Apr",
       volume = {484},
       number = {4},
        pages = {5587-5607},
          doi = {10.1093/mnras/stz243},
archivePrefix = {arXiv},
       eprint = {1711.05261},
 primaryClass = {astro-ph.GA},
       adsurl = {https://ui.adsabs.harvard.edu/abs/2019MNRAS.484.5587T},
      adsnote = {Provided by the SAO/NASA Astrophysics Data System}
}

@ARTICLE{Dave2001,
       author = {{Dav{\'e}}, Romeel and {Cen}, Renyue and {Ostriker}, Jeremiah P. and
         {Bryan}, Greg L. and {Hernquist}, Lars and {Katz}, Neal and
         {Weinberg}, David H. and {Norman}, Michael L. and {O'Shea}, Brian},
        title = "{Baryons in the Warm-Hot Intergalactic Medium}",
      journal = {The Astrophysical Journal},
     keywords = {Cosmology: Observations, Galaxies: Intergalactic Medium, Cosmology: Large-Scale Structure of Universe, Methods: Numerical, Astrophysics},
         year = "2001",
        month = "May",
       volume = {552},
       number = {2},
        pages = {473-483},
          doi = {10.1086/320548},
archivePrefix = {arXiv},
       eprint = {astro-ph/0007217},
 primaryClass = {astro-ph},
       adsurl = {https://ui.adsabs.harvard.edu/abs/2001ApJ...552..473D},
      adsnote = {Provided by the SAO/NASA Astrophysics Data System}
}

@ARTICLE{Haider2016,
       author = {{Haider}, M. and {Steinhauser}, D. and {Vogelsberger}, M. and
         {Genel}, S. and {Springel}, V. and {Torrey}, P. and {Hernquist}, L.},
        title = "{Large-scale mass distribution in the Illustris simulation}",
      journal = {Monthly Notices of the Royal Astronomical Society},
     keywords = {galaxies: haloes, dark matter, large-scale structure of Universe, Astrophysics - Cosmology and Nongalactic Astrophysics, Astrophysics - Astrophysics of Galaxies},
         year = "2016",
        month = "Apr",
       volume = {457},
       number = {3},
        pages = {3024-3035},
          doi = {10.1093/mnras/stw077},
archivePrefix = {arXiv},
       eprint = {1508.01525},
 primaryClass = {astro-ph.CO},
       adsurl = {https://ui.adsabs.harvard.edu/abs/2016MNRAS.457.3024H},
      adsnote = {Provided by the SAO/NASA Astrophysics Data System}
}

@ARTICLE{Werk2014,
       author = {{Werk}, Jessica K. and {Prochaska}, J. Xavier and {Tumlinson}, Jason and
         {Peeples}, Molly S. and {Tripp}, Todd M. and {Fox}, Andrew J. and
         {Lehner}, Nicolas and {Thom}, Christopher and {O'Meara}, John M. and
         {Ford}, Amanda Brady and {Bordoloi}, Rongmon and {Katz}, Neal and
         {Tejos}, Nicolas and {Oppenheimer}, Benjamin D. and {Dav{\'e}}, Romeel and
         {Weinberg}, David H.},
        title = "{The COS-Halos Survey: Physical Conditions and Baryonic Mass in the Low-redshift Circumgalactic Medium}",
      journal = {The Astrophysical Journal},
     keywords = {galaxies: formation, galaxies: halos, intergalactic medium, quasars: absorption lines, Astrophysics - Cosmology and Nongalactic Astrophysics},
         year = "2014",
        month = "Sep",
       volume = {792},
       number = {1},
          eid = {8},
        pages = {8},
          doi = {10.1088/0004-637X/792/1/8},
archivePrefix = {arXiv},
       eprint = {1403.0947},
 primaryClass = {astro-ph.CO},
       adsurl = {https://ui.adsabs.harvard.edu/abs/2014ApJ...792....8W},
      adsnote = {Provided by the SAO/NASA Astrophysics Data System}
}

@ARTICLE{ZhuMenard2013a,
       author = {{Zhu}, Guangtun and {M{\'e}nard}, Brice},
        title = "{The JHU-SDSS Metal Absorption Line Catalog: Redshift Evolution and Properties of Mg II Absorbers}",
      journal = {The Astrophysical Journal},
     keywords = {galaxies: evolution, galaxies: halos, intergalactic medium, quasars: absorption lines, Astrophysics - Cosmology and Nongalactic Astrophysics, Astrophysics - Instrumentation and Methods for Astrophysics},
         year = "2013",
        month = "Jun",
       volume = {770},
       number = {2},
          eid = {130},
        pages = {130},
          doi = {10.1088/0004-637X/770/2/130},
archivePrefix = {arXiv},
       eprint = {1211.6215},
 primaryClass = {astro-ph.CO},
       adsurl = {https://ui.adsabs.harvard.edu/abs/2013ApJ...770..130Z},
      adsnote = {Provided by the SAO/NASA Astrophysics Data System}
}

@ARTICLE{Tumlinson2011,
       author = {{Tumlinson}, J. and {Thom}, C. and {Werk}, J.~K. and {Prochaska}, J.~X. and
         {Tripp}, T.~M. and {Weinberg}, D.~H. and {Peeples}, M.~S. and
         {O'Meara}, J.~M. and {Oppenheimer}, B.~D. and {Meiring}, J.~D. and
         {Katz}, N.~S. and {Dav{\'e}}, R. and {Ford}, A.~B. and {Sembach}, K.~R.},
        title = "{The Large, Oxygen-Rich Halos of Star-Forming Galaxies Are a Major Reservoir of Galactic Metals}",
      journal = {Science},
     keywords = {ASTRONOMY, Astrophysics - Cosmology and Nongalactic Astrophysics},
         year = "2011",
        month = "Nov",
       volume = {334},
       number = {6058},
        pages = {948},
          doi = {10.1126/science.1209840},
archivePrefix = {arXiv},
       eprint = {1111.3980},
 primaryClass = {astro-ph.CO},
       adsurl = {https://ui.adsabs.harvard.edu/abs/2011Sci...334..948T},
      adsnote = {Provided by the SAO/NASA Astrophysics Data System}
}

@ARTICLE{Peeples2014,
       author = {{Peeples}, Molly S. and {Werk}, Jessica K. and {Tumlinson}, Jason and
         {Oppenheimer}, Benjamin D. and {Prochaska}, J. Xavier and {Katz}, Neal and
         {Weinberg}, David H.},
        title = "{A Budget and Accounting of Metals at z \raisebox{-0.5ex}\textasciitilde 0: Results from the COS-Halos Survey}",
      journal = {The Astrophysical Journal},
     keywords = {galaxies: abundances, galaxies: halos, galaxies: ISM, galaxies: stellar content, intergalactic medium, quasars: absorption lines, Astrophysics - Cosmology and Nongalactic Astrophysics},
         year = "2014",
        month = "May",
       volume = {786},
       number = {1},
          eid = {54},
        pages = {54},
          doi = {10.1088/0004-637X/786/1/54},
archivePrefix = {arXiv},
       eprint = {1310.2253},
 primaryClass = {astro-ph.CO},
       adsurl = {https://ui.adsabs.harvard.edu/abs/2014ApJ...786...54P},
      adsnote = {Provided by the SAO/NASA Astrophysics Data System}
}

@ARTICLE{Menard2010,
       author = {{M{\'e}nard}, Brice and {Scranton}, Ryan and {Fukugita}, Masataka and
         {Richards}, Gordon},
        title = "{Measuring the galaxy-mass and galaxy-dust correlations through magnification and reddening}",
      journal = {Monthly Notices of the Royal Astronomical Society},
     keywords = {gravitational lensing: weak, dust, extinction, dark matter, Astrophysics - Cosmology and Nongalactic Astrophysics, Astrophysics - Astrophysics of Galaxies},
         year = "2010",
        month = "Jun",
       volume = {405},
       number = {2},
        pages = {1025-1039},
          doi = {10.1111/j.1365-2966.2010.16486.x},
archivePrefix = {arXiv},
       eprint = {0902.4240},
 primaryClass = {astro-ph.CO},
       adsurl = {https://ui.adsabs.harvard.edu/abs/2010MNRAS.405.1025M},
      adsnote = {Provided by the SAO/NASA Astrophysics Data System}
}

@ARTICLE{Anderson2016,
       author = {{Anderson}, Michael E. and {Churazov}, Eugene and {Bregman}, Joel N.},
        title = "{A deep XMM-Newton study of the hot gaseous halo around NGC 1961}",
      journal = {Monthly Notices of the Royal Astronomical Society},
     keywords = {galaxies: haloes, galaxies: individual: NGC 1961, galaxies: spiral, X-rays: galaxies, Astrophysics - Astrophysics of Galaxies, Astrophysics - Cosmology and Nongalactic Astrophysics, Astrophysics - High Energy Astrophysical Phenomena},
         year = "2016",
        month = "Jan",
       volume = {455},
       number = {1},
        pages = {227-243},
          doi = {10.1093/mnras/stv2314},
archivePrefix = {arXiv},
       eprint = {1508.01514},
 primaryClass = {astro-ph.GA},
       adsurl = {https://ui.adsabs.harvard.edu/abs/2016MNRAS.455..227A},
      adsnote = {Provided by the SAO/NASA Astrophysics Data System}
}

@ARTICLE{Villar-Martin2006,
       author = {{Villar-Mart{\'\i}n}, M. and {S{\'a}nchez}, S.~F. and {De Breuck}, C. and
         {Peletier}, R. and {Vernet}, J. and {Rettura}, A. and {Seymour}, N. and
         {Humphrey}, A. and {Stern}, D. and {di Serego Alighieri}, S. and
         {Fosbury}, R.},
        title = "{VIMOS-VLT and Spitzer observations of a radio galaxy at z= 2.5$^{*}$}",
      journal = {Monthly Notices of the Royal Astronomical Society},
     keywords = {galaxies: active, galaxies: evolution, galaxies: individual: MRC 2104-242, Astrophysics},
         year = "2006",
        month = "Feb",
       volume = {366},
       number = {1},
        pages = {L1-L5},
          doi = {10.1111/j.1745-3933.2005.00118.x},
archivePrefix = {arXiv},
       eprint = {astro-ph/0510733},
 primaryClass = {astro-ph},
       adsurl = {https://ui.adsabs.harvard.edu/abs/2006MNRAS.366L...1V},
      adsnote = {Provided by the SAO/NASA Astrophysics Data System}
}

@ARTICLE{swinbank2015,
       author = {{Swinbank}, A.~M. and {Vernet}, J.~D.~R. and {Smail}, Ian and
         {De Breuck}, C. and {Bacon}, R. and {Contini}, T. and {Richard}, J. and
         {R{\"o}ttgering}, H.~J.~A. and {Urrutia}, T. and {Venemans}, B.},
        title = "{Mapping the dynamics of a giant Ly {\ensuremath{\alpha}} halo at z = 4.1 with MUSE: the energetics of a large-scale AGN-driven outflow around a massive, high-redshift galaxy}",
      journal = {Monthly Notices of the Royal Astronomical Society},
     keywords = {galaxies: evolution, galaxies: high-redshift, Astrophysics - Astrophysics of Galaxies, Astrophysics - Cosmology and Nongalactic Astrophysics},
         year = "2015",
        month = "May",
       volume = {449},
       number = {2},
        pages = {1298-1308},
          doi = {10.1093/mnras/stv366},
archivePrefix = {arXiv},
       eprint = {1502.05998},
 primaryClass = {astro-ph.GA},
       adsurl = {https://ui.adsabs.harvard.edu/abs/2015MNRAS.449.1298S},
      adsnote = {Provided by the SAO/NASA Astrophysics Data System}
}

@ARTICLE{Gullberg2016a,
       author = {{Gullberg}, Bitten and {De Breuck}, Carlos and {Lehnert}, Matthew D. and
         {Vernet}, Jo{\"e}l and {Bacon}, Roland and {Drouart}, Guillaume and
         {Emonts}, Bjorn and {Galametz}, Audrey and {Ivison}, Rob and
         {Nesvadba}, Nicole P.~H. and {Richard}, Johan and {Seymour}, Nick and
         {Stern}, Daniel and {Wylezalek}, Dominika},
        title = "{The mysterious morphology of MRC0943-242 as revealed by ALMA and MUSE}",
      journal = {Astronomy and Astrophysics},
     keywords = {galaxies: evolution, galaxies: high-redshift, galaxies: active, galaxies: ISM, galaxies: halos, Astrophysics - Astrophysics of Galaxies},
         year = "2016",
        month = "Feb",
       volume = {586},
          eid = {A124},
        pages = {A124},
          doi = {10.1051/0004-6361/201526858},
archivePrefix = {arXiv},
       eprint = {1510.03442},
 primaryClass = {astro-ph.GA},
       adsurl = {https://ui.adsabs.harvard.edu/abs/2016A&A...586A.124G},
      adsnote = {Provided by the SAO/NASA Astrophysics Data System}
}

@ARTICLE{Wilman2004,
       author = {{Wilman}, R.~J. and {Jarvis}, M.~J. and {R{\"o}ttgering}, H.~J.~A. and
         {Binette}, L.},
        title = "{HI in the protocluster environment at z \&gt; 2: absorbing haloes and the Ly{\ensuremath{\alpha}} forest}",
      journal = {Monthly Notices of the Royal Astronomical Society},
     keywords = {galaxies: active: galaxies: haloes: galaxies: high-redshift: quasars: absorption lines: quasars: emission lines, Astrophysics},
         year = "2004",
        month = "Jul",
       volume = {351},
       number = {3},
        pages = {1109-1119},
          doi = {10.1111/j.1365-2966.2004.07857.x},
archivePrefix = {arXiv},
       eprint = {astro-ph/0403519},
 primaryClass = {astro-ph},
       adsurl = {https://ui.adsabs.harvard.edu/abs/2004MNRAS.351.1109W},
      adsnote = {Provided by the SAO/NASA Astrophysics Data System}
}

@ARTICLE{Silva2018,
       author = {{Silva}, M. and {Humphrey}, A. and {Lagos}, P. and
         {Villar-Mart{\'\i}n}, M. and {Morais}, S.~G. and
         {di Serego Alighieri}, S. and {Cimatti}, A. and {Fosbury}, R. and
         {Overzier}, R.~A. and {Vernet}, J. and {Binette}, L.},
        title = "{The MUSE 3D view of feedback in a high-metallicity radio galaxy at z = 2.9}",
      journal = {Monthly Notices of the Royal Astronomical Society},
     keywords = {galaxies: active, galaxies: evolution, galaxies: high-redshift, galaxies: individual: MRC 0943-242, galaxies: ISM, quasars: absorption lines, quasars: emission lines, Astrophysics - Astrophysics of Galaxies},
         year = "2018",
        month = "Mar",
       volume = {474},
       number = {3},
        pages = {3649-3672},
          doi = {10.1093/mnras/stx3019},
archivePrefix = {arXiv},
       eprint = {1711.10601},
 primaryClass = {astro-ph.GA},
       adsurl = {https://ui.adsabs.harvard.edu/abs/2018MNRAS.474.3649S},
      adsnote = {Provided by the SAO/NASA Astrophysics Data System}
}

@ARTICLE{Rottgering1995,
       author = {{Rottgering}, H.~J.~A. and {Hunstead}, R.~W. and {Miley}, G.~K. and
         {van Ojik}, R. and {Wieringa}, M.~H.},
        title = "{Spatially resolved Ly-alpha absorption in the z=2.9 radio galaxy 0943-242.}",
      journal = {Monthly Notices of the Royal Astronomical Society},
         year = "1995",
        month = "Nov",
       volume = {277},
        pages = {389-396},
          doi = {10.1093/mnras/277.2.389},
       adsurl = {https://ui.adsabs.harvard.edu/abs/1995MNRAS.277..389R},
      adsnote = {Provided by the SAO/NASA Astrophysics Data System}
}

@Article{VanOjik1997, 
author = {{van Ojik}, R. and {Roettgering}, H.~J.~A. and {Miley}, G.~K. and 
	{Hunstead}, R.~W.},
    title = "{The gaseous environments of radio galaxies in the early Universe: kinematics of the Lyman {$\alpha$} emission and spatially resolved H I absorption.}",
  journal = {\aap},
   eprint = {astro-ph/9608092},
 keywords = {GALAXIES: ACTIVE, GALAXIES: STARBURST, GALAXIES: ISM, COSMOLOGY: OBSERVATIONS, RADIO CONTINUUM: GALAXIES},
     year = 1997,
    month = jan,
   volume = 317,
    pages = {358-384},
   adsurl = {http://adsabs.harvard.edu/abs/1997A%26A...317..358V},
  adsnote = {Provided by the SAO/NASA Astrophysics Data System}
}

@ARTICLE{SolomonvandenBout2005,
       author = {{Solomon}, P.~M. and {Vanden Bout}, P.~A.},
        title = "{Molecular Gas at High Redshift}",
      journal = {Annual Review of Astronomy and Astrophysics},
     keywords = {Astrophysics},
         year = "2005",
        month = "Sep",
       volume = {43},
       number = {1},
        pages = {677-725},
          doi = {10.1146/annurev.astro.43.051804.102221},
archivePrefix = {arXiv},
       eprint = {astro-ph/0508481},
 primaryClass = {astro-ph},
       adsurl = {https://ui.adsabs.harvard.edu/abs/2005ARA&A..43..677S},
      adsnote = {Provided by the SAO/NASA Astrophysics Data System}
}

@ARTICLE{Ivison2008,
       author = {{Ivison}, R.~J. and {Morrison}, G.~E. and {Biggs}, A.~D. and
         {Smail}, Ian and {Willner}, S.~P. and {Gurwell}, M.~A. and
         {Greve}, T.~R. and {Stevens}, J.~A. and {Ashby}, M.~L.~N.},
        title = "{Interferometric imaging of the high-redshift radio galaxy, 4C60.07: an SMA, Spitzer and VLA study reveals a binary AGN/starburst}",
      journal = {Monthly Notices of the Royal Astronomical Society},
     keywords = {instrumentation: interferometers, techniques: interferometric, galaxies: formation, galaxies: starburst, submillimetre, Astrophysics},
         year = "2008",
        month = "Nov",
       volume = {390},
       number = {3},
        pages = {1117-1126},
          doi = {10.1111/j.1365-2966.2008.13811.x},
archivePrefix = {arXiv},
       eprint = {0808.2188},
 primaryClass = {astro-ph},
       adsurl = {https://ui.adsabs.harvard.edu/abs/2008MNRAS.390.1117I},
      adsnote = {Provided by the SAO/NASA Astrophysics Data System}
}

@ARTICLE{Scoville1997,
       author = {{Scoville}, N.~Z. and {Yun}, M.~S. and {Windhorst}, R.~A. and
         {Keel}, W.~C. and {Armus}, L.},
        title = "{CO J = 3--2 Emission in the Radio Galaxy 53W002 at it Z = 2.394}",
      journal = {The Astrophysical Journal},
     keywords = {GALAXIES: ACTIVE, GALAXIES: INDIVIDUAL ALPHANUMERIC: 53W002, ISM: MOLECULES, GALAXIES: FORMATION, Galaxies: Active, Galaxies: Formation, Galaxies: Individual: Alphanumeric: 53W002, ISM: Molecules, Astrophysics},
         year = "1997",
        month = "Aug",
       volume = {485},
       number = {1},
        pages = {L21-L24},
          doi = {10.1086/310807},
archivePrefix = {arXiv},
       eprint = {astro-ph/9706291},
 primaryClass = {astro-ph},
       adsurl = {https://ui.adsabs.harvard.edu/abs/1997ApJ...485L..21S},
      adsnote = {Provided by the SAO/NASA Astrophysics Data System}
}

@ARTICLE{Papadopoulos2000,
       author = {{Papadopoulos}, Padeli P. and {R{\"o}ttgering}, H.~J.~A. and
         {van der Werf}, P.~P. and {Guilloteau}, S. and {Omont}, A. and
         {van Breugel}, W.~J.~M. and {Tilanus}, R.~P.~J.},
        title = "{CO (4-3) and Dust Emission in Two Powerful High-Z Radio Galaxies, and CO Lines at High Redshifts}",
      journal = {The Astrophysical Journal},
     keywords = {GALAXIES: ACTIVE, GALAXIES: FORMATION, GALAXIES: INDIVIDUAL: ALPHANUMERIC: 4C 60.07, GALAXIES: INDIVIDUAL: ALPHANUMERIC: 6C 1909+722, GALAXIES: ISM, Galaxies: Active, Galaxies: Formation, Galaxies: Individual: Alphanumeric: 4C 60.07, Galaxies: Individual: Alphanumeric: 6C 1909+722, Galaxies: ISM, Astrophysics},
         year = "2000",
        month = "Jan",
       volume = {528},
       number = {2},
        pages = {626-636},
          doi = {10.1086/308215},
archivePrefix = {arXiv},
       eprint = {astro-ph/9908286},
 primaryClass = {astro-ph},
       adsurl = {https://ui.adsabs.harvard.edu/abs/2000ApJ...528..626P},
      adsnote = {Provided by the SAO/NASA Astrophysics Data System}
}

@ARTICLE{Klamer2005,
       author = {{Klamer}, I.~J. and {Ekers}, R.~D. and {Sadler}, E.~M. and {Weiss}, A. and
         {Hunstead}, R.~W. and {De Breuck}, C.},
        title = "{CO (1-0) and CO (5-4) Observations of the Most Distant Known Radio Galaxy at z=5.2}",
      journal = {The Astrophysical Journal},
     keywords = {Cosmology: Early Universe, Galaxies: Formation, Galaxies: High-Redshift, Galaxies: Individual: Alphanumeric: TN J0924-2201, Radio Lines: Galaxies, Astrophysics},
         year = "2005",
        month = "Mar",
       volume = {621},
       number = {1},
        pages = {L1-L4},
          doi = {10.1086/429147},
archivePrefix = {arXiv},
       eprint = {astro-ph/0501447},
 primaryClass = {astro-ph},
       adsurl = {https://ui.adsabs.harvard.edu/abs/2005ApJ...621L...1K},
      adsnote = {Provided by the SAO/NASA Astrophysics Data System}
}

@ARTICLE{deBreuck2003,
       author = {{De Breuck}, C. and {Neri}, R. and {Morganti}, R. and {Omont}, A. and
         {Rocca-Volmerange}, B. and {Stern}, D. and {Reuland}, M. and
         {van Breugel}, W. and {R{\"o}ttgering}, H. and {Stanford}, S.~A. and
         {Spinrad}, H. and {Vigotti}, M. and {Wright}, M.},
        title = "{CO emission and associated H I absorption from a massive gas reservoir surrounding the z = 3 radio galaxy B3 J2330+3927}",
      journal = {Astronomy and Astrophysics},
     keywords = {galaxies: individual: B3 J2330+3927, galaxies: active, galaxies: formation, radio lines: galaxies, cosmology: observations, Astrophysics},
         year = "2003",
        month = "Apr",
       volume = {401},
        pages = {911-925},
          doi = {10.1051/0004-6361:20030171},
archivePrefix = {arXiv},
       eprint = {astro-ph/0302154},
 primaryClass = {astro-ph},
       adsurl = {https://ui.adsabs.harvard.edu/abs/2003A&A...401..911D},
      adsnote = {Provided by the SAO/NASA Astrophysics Data System}
}

@ARTICLE{Greve2004,
       author = {{Greve}, T.~R. and {Ivison}, R.~J. and {Papadopoulos}, P.~P.},
        title = "{Detection of CO J = 1-0 in the z = 3.79 radio galaxy 4C 60.07}",
      journal = {Astronomy and Astrophysics},
     keywords = {galaxies: individual: 4C 60.07, galaxies: active, galaxies: formation, galaxies: ISM, cosmology: observations, Astrophysics},
         year = "2004",
        month = "May",
       volume = {419},
        pages = {99-107},
          doi = {10.1051/0004-6361:20035788},
archivePrefix = {arXiv},
       eprint = {astro-ph/0402464},
 primaryClass = {astro-ph},
       adsurl = {https://ui.adsabs.harvard.edu/abs/2004A&A...419...99G},
      adsnote = {Provided by the SAO/NASA Astrophysics Data System}
}

@ARTICLE{Alloin2000,
       author = {{Alloin}, Danielle and {Barvainis}, Richard and {Guilloteau}, Stephane},
        title = "{New CO and Millimeter Continuum Observations of the Z = 2.394 Radio Galaxy 53W002}",
      journal = {The Astrophysical Journal},
     keywords = {GALAXIES: ACTIVE, GALAXIES: ISM, RADIO LINES: GALAXIES, Galaxies: Active, Galaxies: ISM, Radio Lines: Galaxies, Astrophysics},
         year = "2000",
        month = "Jan",
       volume = {528},
       number = {2},
        pages = {L81-L84},
          doi = {10.1086/312429},
archivePrefix = {arXiv},
       eprint = {astro-ph/9910196},
 primaryClass = {astro-ph},
       adsurl = {https://ui.adsabs.harvard.edu/abs/2000ApJ...528L..81A},
      adsnote = {Provided by the SAO/NASA Astrophysics Data System}
}

@ARTICLE{Emonts2014,
       author = {{Emonts}, B.~H.~C. and {Norris}, R.~P. and {Feain}, I. and {Mao}, M.~Y. and
         {Ekers}, R.~D. and {Miley}, G. and {Seymour}, N. and
         {R{\"o}ttgering}, H.~J.~A. and {Villar-Mart{\'\i}n}, M. and
         {Sadler}, E.~M. and {Carilli}, C.~L. and {Mahony}, E.~K. and
         {de Breuck}, C. and {Stroe}, A. and {Pentericci}, L. and
         {van Moorsel}, G.~A. and {Drouart}, G. and {Ivison}, R.~J. and
         {Greve}, T.~R. and {Humphrey}, A. and {Wylezalek}, D. and
         {Tadhunter}, C.~N.},
        title = "{CO(1-0) survey of high-z radio galaxies: alignment of molecular halo gas with distant radio sources}",
      journal = {Monthly Notices of the Royal Astronomical Society},
     keywords = {galaxies: active, galaxies: evolution, galaxies: haloes, galaxies: high-redshift, galaxies: jets, radio lines: galaxies, Astrophysics - Astrophysics of Galaxies, Astrophysics - Cosmology and Nongalactic Astrophysics},
         year = "2014",
        month = "Mar",
       volume = {438},
       number = {4},
        pages = {2898-2915},
          doi = {10.1093/mnras/stt2398},
archivePrefix = {arXiv},
       eprint = {1312.4785},
 primaryClass = {astro-ph.GA},
       adsurl = {https://ui.adsabs.harvard.edu/abs/2014MNRAS.438.2898E},
      adsnote = {Provided by the SAO/NASA Astrophysics Data System}
}

@ARTICLE{deBreuck2005,
       author = {{De Breuck}, C. and {Downes}, D. and {Neri}, R. and {van Breugel}, W. and
         {Reuland}, M. and {Omont}, A. and {Ivison}, R.},
        title = "{Detection of two massive CO systems in 4C 41.17 at z = 3.8}",
      journal = {Astronomy and Astrophysics},
     keywords = {galaxies: individual: 4C 41.17, galaxies: active, galaxies: formation, radio lines: galaxies, Astrophysics},
         year = "2005",
        month = "Jan",
       volume = {430},
        pages = {L1-L4},
          doi = {10.1051/0004-6361:200400115},
archivePrefix = {arXiv},
       eprint = {astro-ph/0411732},
 primaryClass = {astro-ph},
       adsurl = {https://ui.adsabs.harvard.edu/abs/2005A&A...430L...1D},
      adsnote = {Provided by the SAO/NASA Astrophysics Data System}
}

@ARTICLE{Gullberg2016b,
       author = {{Gullberg}, Bitten and {Lehnert}, Matthew D. and {De Breuck}, Carlos and
         {Branchu}, Steve and {Dannerbauer}, Helmut and {Drouart}, Guillaume and
         {Emonts}, Bjorn and {Guillard}, Pierre and {Hatch}, Nina and
         {Nesvadba}, Nicole P.~H. and {Omont}, Alain and {Seymour}, Nick and
         {Vernet}, Jo{\"e}l},
        title = "{ALMA finds dew drops in the dusty spider's web}",
      journal = {Astronomy and Astrophysics},
     keywords = {galaxies: evolution, galaxies: high-redshift, galaxies: active, galaxies: ISM, Galaxy: halo, Astrophysics - Astrophysics of Galaxies},
         year = "2016",
        month = "Jun",
       volume = {591},
          eid = {A73},
        pages = {A73},
          doi = {10.1051/0004-6361/201527647},
archivePrefix = {arXiv},
       eprint = {1602.04823},
 primaryClass = {astro-ph.GA},
       adsurl = {https://ui.adsabs.harvard.edu/abs/2016A&A...591A..73G},
      adsnote = {Provided by the SAO/NASA Astrophysics Data System}
}

@ARTICLE{Emonts2015,
       author = {{Emonts}, B.~H.~C. and {Mao}, M.~Y. and {Stroe}, A. and
         {Pentericci}, L. and {Villar-Mart{\'\i}n}, M. and {Norris}, R.~P. and
         {Miley}, G. and {De Breuck}, C. and {van Moorsel}, G.~A. and
         {Lehnert}, M.~D. and {Carilli}, C.~L. and {R{\"o}ttgering}, H.~J.~A. and
         {Seymour}, N. and {Sadler}, E.~M. and {Ekers}, R.~D. and {Drouart}, G. and
         {Feain}, I. and {Colina}, L. and {Stevens}, J. and {Holt}, J.},
        title = "{A CO-rich merger shaping a powerful and hyperluminous infrared radio galaxy at z = 2: the Dragonfly Galaxy}",
      journal = {Monthly Notices of the Royal Astronomical Society},
     keywords = {ISM: jets and outflows, galaxies: active, galaxies: high-redshift, galaxies: individual: MRC 0152-209, galaxies: interactions, galaxies: starburst, Astrophysics - Astrophysics of Galaxies},
         year = "2015",
        month = "Jul",
       volume = {451},
       number = {1},
        pages = {1025-1035},
          doi = {10.1093/mnras/stv930},
archivePrefix = {arXiv},
       eprint = {1505.00949},
 primaryClass = {astro-ph.GA},
       adsurl = {https://ui.adsabs.harvard.edu/abs/2015MNRAS.451.1025E},
      adsnote = {Provided by the SAO/NASA Astrophysics Data System}
}

@ARTICLE{PapadopoulosGreve2004,
       author = {{Papadopoulos}, Padeli P. and {Greve}, Thomas R.},
        title = "{C I Emission in Ultraluminous Infrared Galaxies as a Molecular Gas Mass Tracer}",
      journal = {The Astrophysical Journal},
     keywords = {Galaxies: Individual: NGC Number: NGC 6240, Galaxies: Individual: Name: Arp 220, Galaxies: Starburst, ISM: Atoms, ISM: Molecules, Astrophysics},
         year = "2004",
        month = "Nov",
       volume = {615},
       number = {1},
        pages = {L29-L32},
          doi = {10.1086/426059},
archivePrefix = {arXiv},
       eprint = {astro-ph/0409559},
 primaryClass = {astro-ph},
       adsurl = {https://ui.adsabs.harvard.edu/abs/2004ApJ...615L..29P},
      adsnote = {Provided by the SAO/NASA Astrophysics Data System}
}

@ARTICLE{Emonts2016,
       author = {{Emonts}, B.~H.~C. and {Lehnert}, M.~D. and {Villar-Mart{\'\i}n}, M. and
         {Norris}, R.~P. and {Ekers}, R.~D. and {van Moorsel}, G.~A. and
         {Dannerbauer}, H. and {Pentericci}, L. and {Miley}, G.~K. and
         {Allison}, J.~R. and {Sadler}, E.~M. and {Guillard}, P. and
         {Carilli}, C.~L. and {Mao}, M.~Y. and {R{\"o}ttgering}, H.~J.~A. and
         {De Breuck}, C. and {Seymour}, N. and {Gullberg}, B. and
         {Ceverino}, D. and {Jagannathan}, P. and {Vernet}, J. and
         {Indermuehle}, B.~T.},
        title = "{Molecular gas in the halo fuels the growth of a massive cluster galaxy at high redshift}",
      journal = {Science},
     keywords = {ASTRONOMY, Astrophysics - Astrophysics of Galaxies},
         year = "2016",
        month = "Dec",
       volume = {354},
       number = {6316},
        pages = {1128-1130},
          doi = {10.1126/science.aag0512},
archivePrefix = {arXiv},
       eprint = {1612.00387},
 primaryClass = {astro-ph.GA},
       adsurl = {https://ui.adsabs.harvard.edu/abs/2016Sci...354.1128E},
      adsnote = {Provided by the SAO/NASA Astrophysics Data System}
}

@ARTICLE{Miley2006,
       author = {{Miley}, George K. and {Overzier}, Roderik A. and {Zirm}, Andrew W. and
         {Ford}, Holland C. and {Kurk}, Jaron and {Pentericci}, Laura and
         {Blakeslee}, John P. and {Franx}, Marijn and {Illingworth}, Garth D. and
         {Postman}, Marc and {Rosati}, Piero and {R{\"o}ttgering}, Huub J.~A. and
         {Venemans}, Bram P. and {Helder}, Eveline},
        title = "{The Spiderweb Galaxy: A Forming Massive Cluster Galaxy at z \raisebox{-0.5ex}\textasciitilde 2}",
      journal = {The Astrophysical Journal},
     keywords = {Galaxies: Active, Galaxies: Clusters: General, Galaxies: Elliptical and Lenticular, cD, Galaxies: High-Redshift, Astrophysics},
         year = "2006",
        month = "Oct",
       volume = {650},
       number = {1},
        pages = {L29-L32},
          doi = {10.1086/508534},
archivePrefix = {arXiv},
       eprint = {astro-ph/0610909},
 primaryClass = {astro-ph},
       adsurl = {https://ui.adsabs.harvard.edu/abs/2006ApJ...650L..29M},
      adsnote = {Provided by the SAO/NASA Astrophysics Data System}
}

@ARTICLE{Man2019,
       author = {{Man}, Allison W.~S. and {Lehnert}, Matthew D. and
         {Vernet}, Jo{\"e}l D.~R. and {De Breuck}, Carlos and
         {Falkendal}, Theresa},
        title = "{Quenching by gas compression and consumption. A case study of a massive radio galaxy at z = 2.57}",
      journal = {\aap},
     keywords = {galaxies: evolution, galaxies: high-redshift, galaxies: jets, galaxies: starburst, galaxies: star clusters: general, ultraviolet: stars, Astrophysics - Astrophysics of Galaxies, Astrophysics - Cosmology and Nongalactic Astrophysics},
         year = "2019",
        month = "Apr",
       volume = {624},
          eid = {A81},
        pages = {A81},
          doi = {10.1051/0004-6361/201834542},
archivePrefix = {arXiv},
       eprint = {1902.08622},
 primaryClass = {astro-ph.GA},
       adsurl = {https://ui.adsabs.harvard.edu/abs/2019A&A...624A..81M},
      adsnote = {Provided by the SAO/NASA Astrophysics Data System}
}

@ARTICLE{Popping2017,
       author = {{Popping}, Gerg{\"o} and {Decarli}, Roberto and {Man}, Allison W.~S. and
         {Nelson}, Erica J. and {B{\'e}thermin}, Matthieu and
         {De Breuck}, Carlos and {Mainieri}, Vincenzo and
         {van Dokkum}, Pieter G. and {Gullberg}, Bitten and {van Kampen}, Eelco},
        title = "{ALMA reveals starburst-like interstellar medium conditions in a compact star-forming galaxy at z   2 using [CI] and CO}",
      journal = {\aap},
     keywords = {galaxies: high-redshift, galaxies: evolution, galaxies: ISM, ISM: atoms, ISM: molecules, ISM: lines and bands, Astrophysics - Astrophysics of Galaxies},
         year = "2017",
        month = "Jun",
       volume = {602},
          eid = {A11},
        pages = {A11},
          doi = {10.1051/0004-6361/201730391},
archivePrefix = {arXiv},
       eprint = {1703.05764},
 primaryClass = {astro-ph.GA},
       adsurl = {https://ui.adsabs.harvard.edu/abs/2017A&A...602A..11P},
      adsnote = {Provided by the SAO/NASA Astrophysics Data System}
}

@ARTICLE{Bothwell2017,
       author = {{Bothwell}, M.~S. and {Aguirre}, J.~E. and {Aravena}, M. and
         {Bethermin}, M. and {Bisbas}, T.~G. and {Chapman}, S.~C. and
         {De Breuck}, C. and {Gonzalez}, A.~H. and {Greve}, T.~R. and
         {Hezaveh}, Y.},
        title = "{ALMA observations of atomic carbon in z Ìƒ 4 dusty star-forming galaxies}",
      journal = {\mnras},
     keywords = {gravitational lensing: strong, galaxies: evolution, galaxies: formation, galaxies: high-redshift, galaxies: ISM, Astrophysics - Astrophysics of Galaxies},
         year = "2017",
        month = "Apr",
       volume = {466},
       number = {3},
        pages = {2825-2841},
          doi = {10.1093/mnras/stw3270},
archivePrefix = {arXiv},
       eprint = {1612.04380},
 primaryClass = {astro-ph.GA},
       adsurl = {https://ui.adsabs.harvard.edu/abs/2017MNRAS.466.2825B},
      adsnote = {Provided by the SAO/NASA Astrophysics Data System}
}

@ARTICLE{Andreani2018,
       author = {{Andreani}, Paola and {Retana-Montenegro}, Edwin and {Zhang}, Zhi-Yu and
         {Papadopoulos}, Padelis and {Yang}, Chentao and {Vegetti}, Simona},
        title = "{Extreme conditions in the molecular gas of lensed star-forming galaxies at z  3}",
      journal = {\aap},
     keywords = {galaxies: starburst, galaxies: ISM, ISM: molecules, ISM: abundances, submillimeter: galaxies, techniques: spectroscopic, Astrophysics - Astrophysics of Galaxies, Astrophysics - Cosmology and Nongalactic Astrophysics},
         year = "2018",
        month = "Jul",
       volume = {615},
          eid = {A142},
        pages = {A142},
          doi = {10.1051/0004-6361/201732560},
archivePrefix = {arXiv},
       eprint = {1802.07430},
 primaryClass = {astro-ph.GA},
       adsurl = {https://ui.adsabs.harvard.edu/abs/2018A&A...615A.142A},
      adsnote = {Provided by the SAO/NASA Astrophysics Data System}
}

@ARTICLE{Nesvadba2019,
       author = {{Nesvadba}, N.~P.~H. and {Ca{\~n}ameras}, R. and {Kneissl}, R. and
         {Koenig}, S. and {Yang}, C. and {Le Floc'h}, E. and {Omont}, A. and
         {Scott}, D.},
        title = "{Planck's Dusty GEMS. VII. Atomic carbon and molecular gas in dusty starburst galaxies at z = 2 to 4}",
      journal = {\aap},
     keywords = {galaxies: high-redshift, galaxies: formation, galaxies: starburst, galaxies: abundances, Astrophysics - Astrophysics of Galaxies},
         year = "2019",
        month = "Apr",
       volume = {624},
          eid = {A23},
        pages = {A23},
          doi = {10.1051/0004-6361/201833777},
archivePrefix = {arXiv},
       eprint = {1812.04653},
 primaryClass = {astro-ph.GA},
       adsurl = {https://ui.adsabs.harvard.edu/abs/2019A&A...624A..23N},
      adsnote = {Provided by the SAO/NASA Astrophysics Data System}
}

@ARTICLE{Lelli2018,
       author = {{Lelli}, Federico and {De Breuck}, Carlos and {Falkendal}, Theresa and
         {Fraternali}, Filippo and {Man}, Allison W.~S. and
         {Nesvadba}, Nicole P.~H. and {Lehnert}, Matthew D.},
        title = "{Neutral versus ionized gas kinematics at z â‰ƒ 2.6: the AGN-host starburst galaxy PKS 0529-549}",
      journal = {\mnras},
     keywords = {galaxies: active, galaxies: evolution, galaxies: individual: PKS 0529-549, galaxies: kinematics and dynamics, galaxies: starburst, \&lt;italic\&gt;(cosmology:)\&lt;/italic\&gt; dark matter, Astrophysics - Astrophysics of Galaxies, Astrophysics - Cosmology and Nongalactic Astrophysics},
         year = "2018",
        month = "Oct",
       volume = {479},
       number = {4},
        pages = {5440-5447},
          doi = {10.1093/mnras/sty1795},
archivePrefix = {arXiv},
       eprint = {1807.03321},
 primaryClass = {astro-ph.GA},
       adsurl = {https://ui.adsabs.harvard.edu/abs/2018MNRAS.479.5440L},
      adsnote = {Provided by the SAO/NASA Astrophysics Data System}
}

@ARTICLE{Emonts2018,
       author = {{Emonts}, B.~H.~C. and {Lehnert}, M.~D. and {Dannerbauer}, H. and
         {De Breuck}, C. and {Villar-Mart{\'\i}n}, M. and {Miley}, G.~K. and
         {Allison}, J.~R. and {Gullberg}, B. and {Hatch}, N.~A. and
         {Guillard}, P.},
        title = "{Giant galaxy growing from recycled gas: ALMA maps the circumgalactic molecular medium of the Spiderweb in [C I]}",
      journal = {\mnras},
     keywords = {galaxies: clusters: intracluster medium, galaxies: haloes, galaxies: high-redshift, galaxies: individual: MRC1138-262, intergalactic medium, Astrophysics - Astrophysics of Galaxies},
         year = "2018",
        month = "Jun",
       volume = {477},
       number = {1},
        pages = {L60-L65},
          doi = {10.1093/mnrasl/sly034},
archivePrefix = {arXiv},
       eprint = {1802.08742},
 primaryClass = {astro-ph.GA},
       adsurl = {https://ui.adsabs.harvard.edu/abs/2018MNRAS.477L..60E},
      adsnote = {Provided by the SAO/NASA Astrophysics Data System}
}

@ARTICLE{Alaghband-Zadeh2013,
       author = {{Alaghband-Zadeh}, S. and {Chapman}, S.~C. and {Swinbank}, A.~M. and
         {Smail}, Ian and {Danielson}, A.~L.~R. and {Decarli}, R. and
         {Ivison}, R.~J. and {Meijerink}, R. and {Weiss}, A. and
         {van der Werf}, Paul. P.},
        title = "{Using [C I] to probe the interstellar medium in z Ìƒ 2.5 sub-millimeter galaxies}",
      journal = {\mnras},
     keywords = {galaxies: evolution, galaxies: high redshift, galaxies: ISM, galaxies: starburst, Astrophysics - Cosmology and Nongalactic Astrophysics},
         year = "2013",
        month = "Oct",
       volume = {435},
       number = {2},
        pages = {1493-1510},
          doi = {10.1093/mnras/stt1390},
archivePrefix = {arXiv},
       eprint = {1307.6593},
 primaryClass = {astro-ph.CO},
       adsurl = {https://ui.adsabs.harvard.edu/abs/2013MNRAS.435.1493A},
      adsnote = {Provided by the SAO/NASA Astrophysics Data System}
}

@BOOK{OsterbrockFerland2006,
       author = {{Osterbrock}, Donald E. and {Ferland}, Gary J.},
        title = "{Astrophysics of gaseous nebulae and active galactic nuclei}",
         year = "2006",
       adsurl = {https://ui.adsabs.harvard.edu/abs/2006agna.book.....O},
      adsnote = {Provided by the SAO/NASA Astrophysics Data System},
      publisher={University Science Books}
}

@ARTICLE{reuland2003,
       author = {{Reuland}, Michiel and {van Breugel}, Wil and {R{\"o}ttgering}, Huub and
         {de Vries}, Wim and {Stanford}, S.~A. and {Dey}, Arjun and
         {Lacy}, Mark and {Bland-Hawthorn}, Joss and {Dopita}, Michael and
         {Miley}, George},
        title = "{Giant Ly{\ensuremath{\alpha}} Nebulae Associated with High-Redshift Radio Galaxies}",
      journal = {\apj},
     keywords = {Galaxies: Formation, Galaxies: High-Redshift, Galaxies: Quasars: Emission Lines, Stars: Formation, Astrophysics},
         year = "2003",
        month = "Aug",
       volume = {592},
       number = {2},
        pages = {755-766},
          doi = {10.1086/375619},
archivePrefix = {arXiv},
       eprint = {astro-ph/0303637},
 primaryClass = {astro-ph},
       adsurl = {https://ui.adsabs.harvard.edu/abs/2003ApJ...592..755R},
      adsnote = {Provided by the SAO/NASA Astrophysics Data System}
}


@INPROCEEDINGS{Barret2016,
       author = {{Barret}, Didier and {Lam Trong}, Thien and {den Herder}, Jan-Willem and
         {Piro}, Luigi and {Barcons}, Xavier and {Huovelin}, Juhani and
         {Kelley}, Richard and {Mas-Hesse}, J. Miguel and {Mitsuda}, Kazuhisa and
         {Paltani}, St{\'e}phane and {Rauw}, Gregor and {Ro{\.Z}anska}, Agata and
         {Wilms}, Joern and {Barbera}, Marco and {Bozzo}, Enrico and
         {Ceballos}, Maria Teresa and {Charles}, Ivan and {Decourchelle}, Anne and
         {den Hartog}, Roland and {Duval}, Jean-Marc and {Fiore}, Fabrizio and
         {Gatti}, Flavio and {Goldwurm}, Andrea and {Jackson}, Brian and
         {Jonker}, Peter and {Kilbourne}, Caroline and {Macculi}, Claudio and
         {Mendez}, Mariano and {Molendi}, Silvano and {Orleanski}, Piotr and
         {Pajot}, Fran{\c{c}}ois and {Pointecouteau}, Etienne and
         {Porter}, Frederick and {Pratt}, Gabriel W. and {Pr{\^e}le}, Damien and
         {Ravera}, Laurent and {Renotte}, Etienne and {Schaye}, Joop and
         {Shinozaki}, Keisuke and {Valenziano}, Luca and {Vink}, Jacco and
         {Webb}, Natalie and {Yamasaki}, Noriko and
         {Delcelier-Douchin}, Fran{\c{c}}oise and {Le Du}, Michel and
         {Mesnager}, Jean-Michel and {Pradines}, Alice and {Brand
        uardi-Raymont}, Graziella and {Dadina}, Mauro and {Finoguenov}, Alexis and
         {Fukazawa}, Yasushi and {Janiuk}, Agnieszka and {Miller}, Jon and
         {Naz{\'e}}, Ya{\"e}l. and {Nicastro}, Fabrizio and
         {Sciortino}, Salvatore and {Torrejon}, Jose Miguel and
         {Geoffray}, Herv{\'e} and {Hernandez}, Isabelle and {Luno}, Laure and
         {Peille}, Philippe and {Andr{\'e}}, J{\'e}r{\^o}me and
         {Daniel}, Christophe and {Etcheverry}, Christophe and
         {Gloaguen}, Emilie and {Hassin}, J{\'e}r{\'e}mie and {Hervet}, Gilles and
         {Maussang}, Irwin and {Moueza}, J{\'e}r{\^o}me and {Paillet}, Alexis and
         {Vella}, Bruno and {Campos Garrido}, Gonzalo and
         {Damery}, Jean-Charles and {Panem}, Chantal and {Panh}, Johan and {Band
        ler}, Simon and {Biffi}, Jean-Marc and {Boyce}, Kevin and
         {Cl{\'e}net}, Antoine and {DiPirro}, Michael and {Jamotton}, Pierre and
         {Lotti}, Simone and {Schwander}, Denis and {Smith}, Stephen and
         {van Leeuwen}, Bert-Joost and {van Weers}, Henk and {Brand}, Thorsten and
         {Cobo}, Beatriz and {Dauser}, Thomas and {de Plaa}, Jelle and
         {Cucchetti}, Edoardo},
        title = "{The Athena X-ray Integral Field Unit (X-IFU)}",
     keywords = {Astrophysics - Instrumentation and Methods for Astrophysics, Astrophysics - Cosmology and Nongalactic Astrophysics, Astrophysics - Astrophysics of Galaxies, Astrophysics - High Energy Astrophysical Phenomena},
    booktitle = {\procspie},
         year = "2016",
       series = {Society of Photo-Optical Instrumentation Engineers (SPIE) Conference Series},
       volume = {9905},
        month = "Jul",
          eid = {99052F},
        pages = {99052F},
          doi = {10.1117/12.2232432},
archivePrefix = {arXiv},
       eprint = {1608.08105},
 primaryClass = {astro-ph.IM},
       adsurl = {https://ui.adsabs.harvard.edu/abs/2016SPIE.9905E..2FB},
      adsnote = {Provided by the SAO/NASA Astrophysics Data System}
}

@ARTICLE{Stern1999,
       author = {{Stern}, Daniel and {Spinrad}, Hyron},
        title = "{Search Techniques for Distant Galaxies}",
      journal = {\pasp},
     keywords = {GALAXIES: FORMATION, COSMOLOGY: LARGE-SCALE STRUCTURE OF UNIVERSE, Astrophysics},
         year = "1999",
        month = "Dec",
       volume = {111},
       number = {766},
        pages = {1475-1502},
          doi = {10.1086/316471},
archivePrefix = {arXiv},
       eprint = {astro-ph/9912082},
 primaryClass = {astro-ph},
       adsurl = {https://ui.adsabs.harvard.edu/abs/1999PASP..111.1475S},
      adsnote = {Provided by the SAO/NASA Astrophysics Data System}
}

@ARTICLE{Uson1991,
       author = {{Uson}, Juan M. and {Bagri}, Durgadas S. and {Cornwell}, Timothy J.},
        title = "{A Search for Redshifted Neutral Hydrogen from Protoclusters of Galaxies}",
      journal = {\apjl},
     keywords = {Galactic Clusters, Galactic Evolution, Radio Sources (Astronomy), Red Shift, Universe, Cosmology, Hydrogen, Image Processing, Very Large Array (Vla), Astrophysics, COSMOLOGY, EARLY UNIVERSE, GALAXIES: FORMATION, RADIO SOURCES: 21 CM RADIATION},
         year = "1991",
        month = "Aug",
       volume = {377},
        pages = {L65},
          doi = {10.1086/186118},
       adsurl = {https://ui.adsabs.harvard.edu/abs/1991ApJ...377L..65U},
      adsnote = {Provided by the SAO/NASA Astrophysics Data System}
}

@ARTICLE{vanHaarlem2013,
       author = {{van Haarlem}, M.~P. and {Wise}, M.~W. and {Gunst}, A.~W. and
         {Heald}, G. and {McKean}, J.~P. and {Hessels}, J.~W.~T. and
         {de Bruyn}, A.~G. and {Nijboer}, R. and {Swinbank}, J. and
         {Fallows}, R. and {Brentjens}, M. and {Nelles}, A. and {Beck}, R. and
         {Falcke}, H. and {Fender}, R. and {H{\"o}randel}, J. and
         {Koopmans}, L.~V.~E. and {Mann}, G. and {Miley}, G. and
         {R{\"o}ttgering}, H. and {Stappers}, B.~W. and {Wijers}, R.~A.~M.~J. and
         {Zaroubi}, S. and {van den Akker}, M. and {Alexov}, A. and
         {Anderson}, J. and {Anderson}, K. and {van Ardenne}, A. and {Arts}, M. and
         {Asgekar}, A. and {Avruch}, I.~M. and {Batejat}, F. and
         {B{\"a}hren}, L. and {Bell}, M.~E. and {Bell}, M.~R. and
         {van Bemmel}, I. and {Bennema}, P. and {Bentum}, M.~J. and
         {Bernardi}, G. and {Best}, P. and {B{\^\i}rzan}, L. and {Bonafede}, A. and
         {Boonstra}, A. -J. and {Braun}, R. and {Bregman}, J. and
         {Breitling}, F. and {van de Brink}, R.~H. and {Broderick}, J. and
         {Broekema}, P.~C. and {Brouw}, W.~N. and {Br{\"u}ggen}, M. and
         {Butcher}, H.~R. and {van Cappellen}, W. and {Ciardi}, B. and
         {Coenen}, T. and {Conway}, J. and {Coolen}, A. and {Corstanje}, A. and
         {Damstra}, S. and {Davies}, O. and {Deller}, A.~T. and
         {Dettmar}, R. -J. and {van Diepen}, G. and {Dijkstra}, K. and
         {Donker}, P. and {Doorduin}, A. and {Dromer}, J. and {Drost}, M. and
         {van Duin}, A. and {Eisl{\"o}ffel}, J. and {van Enst}, J. and
         {Ferrari}, C. and {Frieswijk}, W. and {Gankema}, H. and
         {Garrett}, M.~A. and {de Gasperin}, F. and {Gerbers}, M. and
         {de Geus}, E. and {Grie{\ss}meier}, J. -M. and {Grit}, T. and
         {Gruppen}, P. and {Hamaker}, J.~P. and {Hassall}, T. and {Hoeft}, M. and
         {Holties}, H.~A. and {Horneffer}, A. and {van der Horst}, A. and
         {van Houwelingen}, A. and {Huijgen}, A. and {Iacobelli}, M. and
         {Intema}, H. and {Jackson}, N. and {Jelic}, V. and {de Jong}, A. and
         {Juette}, E. and {Kant}, D. and {Karastergiou}, A. and {Koers}, A. and
         {Kollen}, H. and {Kondratiev}, V.~I. and {Kooistra}, E. and
         {Koopman}, Y. and {Koster}, A. and {Kuniyoshi}, M. and {Kramer}, M. and
         {Kuper}, G. and {Lambropoulos}, P. and {Law}, C. and {van Leeuwen}, J. and
         {Lemaitre}, J. and {Loose}, M. and {Maat}, P. and {Macario}, G. and
         {Markoff}, S. and {Masters}, J. and {McFadden}, R.~A. and
         {McKay-Bukowski}, D. and {Meijering}, H. and {Meulman}, H. and
         {Mevius}, M. and {Middelberg}, E. and {Millenaar}, R. and
         {Miller-Jones}, J.~C.~A. and {Mohan}, R.~N. and {Mol}, J.~D. and
         {Morawietz}, J. and {Morganti}, R. and {Mulcahy}, D.~D. and
         {Mulder}, E. and {Munk}, H. and {Nieuwenhuis}, L. and
         {van Nieuwpoort}, R. and {Noordam}, J.~E. and {Norden}, M. and
         {Noutsos}, A. and {Offringa}, A.~R. and {Olofsson}, H. and {Omar}, A. and
         {Orr{\'u}}, E. and {Overeem}, R. and {Paas}, H. and {Pand
        ey-Pommier}, M. and {Pandey}, V.~N. and {Pizzo}, R. and {Polatidis}, A. and
         {Rafferty}, D. and {Rawlings}, S. and {Reich}, W. and
         {de Reijer}, J. -P. and {Reitsma}, J. and {Renting}, G.~A. and
         {Riemers}, P. and {Rol}, E. and {Romein}, J.~W. and {Roosjen}, J. and
         {Ruiter}, M. and {Scaife}, A. and {van der Schaaf}, K. and
         {Scheers}, B. and {Schellart}, P. and {Schoenmakers}, A. and
         {Schoonderbeek}, G. and {Serylak}, M. and {Shulevski}, A. and
         {Sluman}, J. and {Smirnov}, O. and {Sobey}, C. and {Spreeuw}, H. and
         {Steinmetz}, M. and {Sterks}, C.~G.~M. and {Stiepel}, H. -J. and
         {Stuurwold}, K. and {Tagger}, M. and {Tang}, Y. and {Tasse}, C. and
         {Thomas}, I. and {Thoudam}, S. and {Toribio}, M.~C. and
         {van der Tol}, B. and {Usov}, O. and {van Veelen}, M. and
         {van der Veen}, A. -J. and {ter Veen}, S. and {Verbiest}, J.~P.~W. and
         {Vermeulen}, R. and {Vermaas}, N. and {Vocks}, C. and {Vogt}, C. and
         {de Vos}, M. and {van der Wal}, E. and {van Weeren}, R. and
         {Weggemans}, H. and {Weltevrede}, P. and {White}, S. and
         {Wijnholds}, S.~J. and {Wilhelmsson}, T. and {Wucknitz}, O. and
         {Yatawatta}, S. and {Zarka}, P. and {Zensus}, A. and {van Zwieten}, J.},
        title = "{LOFAR: The LOw-Frequency ARray}",
      journal = {\aap},
     keywords = {instrumentation: interferometers, radio continuum: general, radio lines: general, dark ages, reionization, first stars, telescopes, Astrophysics - Instrumentation and Methods for Astrophysics},
         year = "2013",
        month = "Aug",
       volume = {556},
          eid = {A2},
        pages = {A2},
          doi = {10.1051/0004-6361/201220873},
archivePrefix = {arXiv},
       eprint = {1305.3550},
 primaryClass = {astro-ph.IM},
       adsurl = {https://ui.adsabs.harvard.edu/abs/2013A&A...556A...2V},
      adsnote = {Provided by the SAO/NASA Astrophysics Data System}
}

@INPROCEEDINGS{McKinnon2019,
       author = {{McKinnon}, Mark and {Beasley}, Anthony and {Murphy}, Eric and
         {Selina}, Rob and {Farnsworth}, Rick and {Walter}, Alex},
        title = "{ngVLA: The Next Generation Very Large Array}",
    booktitle = {\baas},
         year = "2019",
       volume = {51},
        month = "Sep",
          eid = {81},
        pages = {81},
       adsurl = {https://ui.adsabs.harvard.edu/abs/2019BAAS...51g..81M},
      adsnote = {Provided by the SAO/NASA Astrophysics Data System}
}

@ARTICLE{Bowman2013,
       author = {{Bowman}, Judd D. and {Cairns}, Iver and {Kaplan}, David L. and
         {Murphy}, Tara and {Oberoi}, Divya and {Staveley-Smith}, Lister and
         {Arcus}, Wayne and {Barnes}, David G. and {Bernardi}, Gianni and
         {Briggs}, Frank H. and {Brown}, Shea and {Bunton}, John D. and
         {Burgasser}, Adam J. and {Cappallo}, Roger J. and {Chatterjee}, Shami and
         {Corey}, Brian E. and {Coster}, Anthea and {Deshpande}, Avinash and
         {deSouza}, Ludi and {Emrich}, David and {Erickson}, Philip and
         {Goeke}, Robert F. and {Gaensler}, B.~M. and {Greenhill}, Lincoln J. and
         {Harvey-Smith}, Lisa and {Hazelton}, Bryna J. and {Herne}, David and
         {Hewitt}, Jacqueline N. and {Johnston-Hollitt}, Melanie and
         {Kasper}, Justin C. and {Kincaid}, Barton B. and {Koenig}, Ronald and
         {Kratzenberg}, Eric and {Lonsdale}, Colin J. and {Lynch}, Mervyn J. and
         {Matthews}, Lynn D. and {McWhirter}, S. Russell and
         {Mitchell}, Daniel A. and {Morales}, Miguel F. and {Morgan}, Edward H. and
         {Ord}, Stephen M. and {Pathikulangara}, Joseph and {Prabu}, Thiagaraj and
         {Remillard}, Ronald A. and {Robishaw}, Timothy and
         {Rogers}, Alan E.~E. and {Roshi}, Anish A. and {Salah}, Joseph E. and
         {Sault}, Robert J. and {Shankar}, N. Udaya and {Srivani}, K.~S. and
         {Stevens}, Jamie B. and {Subrahmanyan}, Ravi and {Tingay}, Steven J. and
         {Wayth}, Randall B. and {Waterson}, Mark and {Webster}, Rachel L. and
         {Whitney}, Alan R. and {Williams}, Andrew J. and
         {Williams}, Christopher L. and {Wyithe}, J. Stuart B.},
        title = "{Science with the Murchison Widefield Array}",
      journal = {\pasa},
     keywords = {dark ages, reionisation, first stars, instrumentation: interferometers, radio continuum: general, radio lines: general, Sun: general, Astrophysics - Instrumentation and Methods for Astrophysics, Astrophysics - Cosmology and Nongalactic Astrophysics, Astrophysics - Astrophysics of Galaxies, Astrophysics - Solar and Stellar Astrophysics},
         year = "2013",
        month = "Apr",
       volume = {30},
          eid = {e031},
        pages = {e031},
          doi = {10.1017/pas.2013.009},
archivePrefix = {arXiv},
       eprint = {1212.5151},
 primaryClass = {astro-ph.IM},
       adsurl = {https://ui.adsabs.harvard.edu/abs/2013PASA...30...31B},
      adsnote = {Provided by the SAO/NASA Astrophysics Data System}
}

@INPROCEEDINGS{Johnston2009,
       author = {{Johnston}, S. and {Feain}, I.~J. and {Gupta}, N.},
        title = "{Science with the Australian Square Kilometre Array Pathfinder (ASKAP)}",
     keywords = {Astrophysics - Cosmology and Extragalactic Astrophysics, Astrophysics - Galaxy Astrophysics},
    booktitle = {The Low-Frequency Radio Universe},
         year = "2009",
       editor = {{Saikia}, D.~J. and {Green}, D.~A. and {Gupta}, Y. and {Venturi}, T.},
       series = {Astronomical Society of the Pacific Conference Series},
       volume = {407},
        month = "Sep",
        pages = {446},
archivePrefix = {arXiv},
       eprint = {0903.4011},
 primaryClass = {astro-ph.CO},
       adsurl = {https://ui.adsabs.harvard.edu/abs/2009ASPC..407..446J},
      adsnote = {Provided by the SAO/NASA Astrophysics Data System}
}

@INPROCEEDINGS{Braun2015,
       author = {{Braun}, R. and {Bourke}, T. and {Green}, J.~A. and {Keane}, E. and
         {Wagg}, J.},
        title = "{Advancing Astrophysics with the Square Kilometre Array}",
    booktitle = {Advancing Astrophysics with the Square Kilometre Array (AASKA14)},
         year = "2015",
        month = "Apr",
          eid = {174},
        pages = {174},
       adsurl = {https://ui.adsabs.harvard.edu/abs/2015aska.confE.174B},
      adsnote = {Provided by the SAO/NASA Astrophysics Data System}
}

@ARTICLE{CarilliRawlings2004,
       author = {{Carilli}, C.~L. and {Rawlings}, S.},
        title = "{Motivation, key science projects, standards and assumptions}",
      journal = {\nar},
     keywords = {Astrophysics},
         year = "2004",
        month = "Dec",
       volume = {48},
       number = {11-12},
        pages = {979-984},
          doi = {10.1016/j.newar.2004.09.001},
archivePrefix = {arXiv},
       eprint = {astro-ph/0409274},
 primaryClass = {astro-ph},
       adsurl = {https://ui.adsabs.harvard.edu/abs/2004NewAR..48..979C},
      adsnote = {Provided by the SAO/NASA Astrophysics Data System}
}

@ARTICLE{Lonsdale2009,
       author = {{Lonsdale}, C.~J. and {Cappallo}, R.~J. and {Morales}, M.~F. and
         {Briggs}, F.~H. and {Benkevitch}, L. and {Bowman}, J.~D. and
         {Bunton}, J.~D. and {Burns}, S. and {Corey}, B.~E. and {Desouza}, L. and
         {Doeleman}, S.~S. and {Derome}, M. and {Deshpande}, A. and
         {Gopala}, M.~R. and {Greenhill}, L.~J. and {Herne}, D.~E. and
         {Hewitt}, J.~N. and {Kamini}, P.~A. and {Kasper}, J.~C. and
         {Kincaid}, B.~B. and {Kocz}, J. and {Kowald}, E. and {Kratzenberg}, E. and
         {Kumar}, D. and {Lynch}, M.~J. and {Madhavi}, S. and {Matejek}, M. and
         {Mitchell}, D.~A. and {Morgan}, E. and {Oberoi}, D. and {Ord}, S. and
         {Pathikulangara}, J. and {Prabu}, T. and {Rogers}, A. and {Roshi}, A. and
         {Salah}, J.~E. and {Sault}, R.~J. and {Shankar}, N.~U. and
         {Srivani}, K.~S. and {Stevens}, J. and {Tingay}, S. and
         {Vaccarella}, A. and {Waterson}, M. and {Wayth}, R.~B. and
         {Webster}, R.~L. and {Whitney}, A.~R. and {Williams}, A. and
         {Williams}, C.},
        title = "{The Murchison Widefield Array: Design Overview}",
      journal = {IEEE Proceedings},
     keywords = {Astrophysics - Instrumentation and Methods for Astrophysics, Astrophysics - Cosmology and Nongalactic Astrophysics, Astrophysics - Solar and Stellar Astrophysics},
         year = "2009",
        month = "Aug",
       volume = {97},
       number = {8},
        pages = {1497-1506},
          doi = {10.1109/JPROC.2009.2017564},
archivePrefix = {arXiv},
       eprint = {0903.1828},
 primaryClass = {astro-ph.IM},
       adsurl = {https://ui.adsabs.harvard.edu/abs/2009IEEEP..97.1497L},
      adsnote = {Provided by the SAO/NASA Astrophysics Data System}
}

@article{Gupta2017,
author = {Gupta, Yashwant and Ajithkumar, B. and Kale, H.S. and Nayak, S. and Sabhapathy, S. and Sureshkumar, S. and Swami, R.V. and Chengalur, Jayaram and Ghosh, S.K. and Ishwara-Chandra, C.H. and Joshi, Bhal and Kanekar, Nissim and Lal, Dharam and Roy, Subhashis},
year = {2017},
month = {01},
pages = {707-714},
title = {The upgraded GMRT: Opening new windows on the radio Universe},
volume = {113},
journal = {Current Science},
doi = {10.18520/cs/v113/i04/707-714}
}


@ARTICLE{Weiss2003,
       author = {{Wei{\ss}}, A. and {Henkel}, C. and {Downes}, D. and {Walter}, F.},
        title = "{Gas and dust in the Cloverleaf quasar at redshift 2.5}",
      journal = {\aap},
     keywords = {galaxies: formation, galaxies: starburst, galaxies: high-redshift quasars: emission lines, quasars: individual H1413+117, cosmology: observations, Astrophysics},
         year = "2003",
        month = "Oct",
       volume = {409},
        pages = {L41-L45},
          doi = {10.1051/0004-6361:20031337},
archivePrefix = {arXiv},
       eprint = {astro-ph/0309048},
 primaryClass = {astro-ph},
       adsurl = {https://ui.adsabs.harvard.edu/abs/2003A&A...409L..41W},
      adsnote = {Provided by the SAO/NASA Astrophysics Data System}
}

@ARTICLE{Harrison2013,
       author = {{Harrison}, Fiona A. and {Craig}, William W. and {Christensen}, Finn E. and
         {Hailey}, Charles J. and {Zhang}, William W. and {Boggs}, Steven E. and
         {Stern}, Daniel and {Cook}, W. Rick and {Forster}, Karl and
         {Giommi}, Paolo and {Grefenstette}, Brian W. and {Kim}, Yunjin and
         {Kitaguchi}, Takao and {Koglin}, Jason E. and {Madsen}, Kristin K. and
         {Mao}, Peter H. and {Miyasaka}, Hiromasa and {Mori}, Kaya and
         {Perri}, Matteo and {Pivovaroff}, Michael J. and {Puccetti}, Simonetta and
         {Rana}, Vikram R. and {Westergaard}, Niels J. and {Willis}, Jason and
         {Zoglauer}, Andreas and {An}, Hongjun and {Bachetti}, Matteo and
         {Barri{\`e}re}, Nicolas M. and {Bellm}, Eric C. and {Bhalerao}, Varun and
         {Brejnholt}, Nicolai F. and {Fuerst}, Felix and {Liebe}, Carl C. and
         {Markwardt}, Craig B. and {Nynka}, Melania and {Vogel}, Julia K. and
         {Walton}, Dominic J. and {Wik}, Daniel R. and {Alexander}, David M. and
         {Cominsky}, Lynn R. and {Hornschemeier}, Ann E. and {Hornstrup}, Allan and
         {Kaspi}, Victoria M. and {Madejski}, Greg M. and {Matt}, Giorgio and
         {Molendi}, Silvano and {Smith}, David M. and {Tomsick}, John A. and
         {Ajello}, Marco and {Ballantyne}, David R. and {Balokovi{\'c}}, Mislav and
         {Barret}, Didier and {Bauer}, Franz E. and {Blandford}, Roger D. and
         {Brandt}, W. Niel and {Brenneman}, Laura W. and {Chiang}, James and
         {Chakrabarty}, Deepto and {Chenevez}, Jerome and {Comastri}, Andrea and
         {Dufour}, Francois and {Elvis}, Martin and {Fabian}, Andrew C. and
         {Farrah}, Duncan and {Fryer}, Chris L. and {Gotthelf}, Eric V. and
         {Grindlay}, Jonathan E. and {Helfand}, David J. and {Krivonos}, Roman and
         {Meier}, David L. and {Miller}, Jon M. and {Natalucci}, Lorenzo and
         {Ogle}, Patrick and {Ofek}, Eran O. and {Ptak}, Andrew and
         {Reynolds}, Stephen P. and {Rigby}, Jane R. and
         {Tagliaferri}, Gianpiero and {Thorsett}, Stephen E. and
         {Treister}, Ezequiel and {Urry}, C. Megan},
        title = "{The Nuclear Spectroscopic Telescope Array (NuSTAR) High-energy X-Ray Mission}",
      journal = {\apj},
     keywords = {space vehicles: instruments, X-rays: general, Astrophysics - Instrumentation and Methods for Astrophysics, Astrophysics - High Energy Astrophysical Phenomena},
         year = "2013",
        month = "Jun",
       volume = {770},
       number = {2},
          eid = {103},
        pages = {103},
          doi = {10.1088/0004-637X/770/2/103},
archivePrefix = {arXiv},
       eprint = {1301.7307},
 primaryClass = {astro-ph.IM},
       adsurl = {https://ui.adsabs.harvard.edu/abs/2013ApJ...770..103H},
      adsnote = {Provided by the SAO/NASA Astrophysics Data System}
}

@ARTICLE{Nandra2013,
       author = {{Nandra}, Kirpal and {Barret}, Didier and {Barcons}, Xavier and
         {Fabian}, Andy and {den Herder}, Jan-Willem and {Piro}, Luigi and
         {Watson}, Mike and {Adami}, Christophe and {Aird}, James and
         {Afonso}, Jose Manuel and {Alexander}, Dave and {Argiroffi}, Costanza and
         {Amati}, Lorenzo and {Arnaud}, Monique and {Atteia}, Jean-Luc and
         {Audard}, Marc and {Badenes}, Carles and {Ballet}, Jean and
         {Ballo}, Lucia and {Bamba}, Aya and {Bhardwaj}, Anil and
         {Stefano Battistelli}, Elia and {Becker}, Werner and
         {De Becker}, Micha{\"e}l and {Behar}, Ehud and {Bianchi}, Stefano and
         {Biffi}, Veronica and {B{\^\i}rzan}, Laura and {Bocchino}, Fabrizio and
         {Bogdanov}, Slavko and {Boirin}, Laurence and {Boller}, Thomas and
         {Borgani}, Stefano and {Borm}, Katharina and {Bouch{\'e}}, Nicolas and
         {Bourdin}, Herv{\'e} and {Bower}, Richard and {Braito}, Valentina and
         {Branchini}, Enzo and {Branduardi-Raymont}, Graziella and
         {Bregman}, Joel and {Brenneman}, Laura and {Brightman}, Murray and
         {Br{\"u}ggen}, Marcus and {Buchner}, Johannes and {Bulbul}, Esra and
         {Brusa}, Marcella and {Bursa}, Michal and {Caccianiga}, Alessandro and
         {Cackett}, Ed and {Campana}, Sergio and {Cappelluti}, Nico and
         {Cappi}, Massimo and {Carrera}, Francisco and {Ceballos}, Maite and
         {Christensen}, Finn and {Chu}, You-Hua and {Churazov}, Eugene and
         {Clerc}, Nicolas and {Corbel}, Stephane and {Corral}, Amalia and
         {Comastri}, Andrea and {Costantini}, Elisa and {Croston}, Judith and
         {Dadina}, Mauro and {D'Ai}, Antonino and {Decourchelle}, Anne and
         {Della Ceca}, Roberto and {Dennerl}, Konrad and {Dolag}, Klaus and
         {Done}, Chris and {Dovciak}, Michal and {Drake}, Jeremy and
         {Eckert}, Dominique and {Edge}, Alastair and {Ettori}, Stefano and
         {Ezoe}, Yuichiro and {Feigelson}, Eric and {Fender}, Rob and
         {Feruglio}, Chiara and {Finoguenov}, Alexis and {Fiore}, Fabrizio and
         {Galeazzi}, Massimiliano and {Gallagher}, Sarah and {Gandhi}, Poshak and
         {Gaspari}, Massimo and {Gastaldello}, Fabio and {Georgakakis}, Antonis and
         {Georgantopoulos}, Ioannis and {Gilfanov}, Marat and {Gitti}, Myriam and
         {Gladstone}, Randy and {Goosmann}, Rene and {Gosset}, Eric and
         {Grosso}, Nicolas and {Guedel}, Manuel and {Guerrero}, Martin and
         {Haberl}, Frank and {Hardcastle}, Martin and {Heinz}, Sebastian and
         {Alonso Herrero}, Almudena and {Herv{\'e}}, Anthony and
         {Holmstrom}, Mats and {Iwasawa}, Kazushi and {Jonker}, Peter and
         {Kaastra}, Jelle and {Kara}, Erin and {Karas}, Vladimir and
         {Kastner}, Joel and {King}, Andrew and {Kosenko}, Daria and
         {Koutroumpa}, Dimita and {Kraft}, Ralph and {Kreykenbohm}, Ingo and
         {Lallement}, Rosine and {Lanzuisi}, Giorgio and {Lee}, J. and
         {Lemoine-Goumard}, Marianne and {Lobban}, Andrew and
         {Lodato}, Giuseppe and {Lovisari}, Lorenzo and {Lotti}, Simone and
         {McCharthy}, Ian and {McNamara}, Brian and {Maggio}, Antonio and
         {Maiolino}, Roberto and {De Marco}, Barbara and
         {de Martino}, Domitilla and {Mateos}, Silvia and {Matt}, Giorgio and
         {Maughan}, Ben and {Mazzotta}, Pasquale and {Mendez}, Mariano and
         {Merloni}, Andrea and {Micela}, Giuseppina and {Miceli}, Marco and
         {Mignani}, Robert and {Miller}, Jon and {Miniutti}, Giovanni and
         {Molendi}, Silvano and {Montez}, Rodolfo and {Moretti}, Alberto and
         {Motch}, Christian and {Naz{\'e}}, Ya{\"e}l and {Nevalainen}, Jukka and
         {Nicastro}, Fabrizio and {Nulsen}, Paul and {Ohashi}, Takaya and
         {O'Brien}, Paul and {Osborne}, Julian and {Oskinova}, Lida and
         {Pacaud}, Florian and {Paerels}, Frederik and {Page}, Mat and
         {Papadakis}, Iossif and {Pareschi}, Giovanni and {Petre}, Robert and
         {Petrucci}, Pierre-Olivier and {Piconcelli}, Enrico and
         {Pillitteri}, Ignazio and {Pinto}, C. and {de Plaa}, Jelle and
         {Pointecouteau}, Etienne and {Ponman}, Trevor and {Ponti}, Gabriele and
         {Porquet}, Delphine and {Pounds}, Ken and {Pratt}, Gabriel and
         {Predehl}, Peter and {Proga}, Daniel and {Psaltis}, Dimitrios and
         {Rafferty}, David and {Ramos-Ceja}, Miriam and {Ranalli}, Piero and
         {Rasia}, Elena and {Rau}, Arne and {Rauw}, Gregor and {Rea}, Nanda and
         {Read}, Andy and {Reeves}, James and {Reiprich}, Thomas and
         {Renaud}, Matthieu and {Reynolds}, Chris and {Risaliti}, Guido and
         {Rodriguez}, Jerome and {Rodriguez Hidalgo}, Paola and
         {Roncarelli}, Mauro and {Rosario}, David and {Rossetti}, Mariachiara and
         {Rozanska}, Agata and {Rovilos}, Emmanouil and {Salvaterra}, Ruben and
         {Salvato}, Mara and {Di Salvo}, Tiziana and {Sanders}, Jeremy and
         {Sanz-Forcada}, Jorge and {Schawinski}, Kevin and {Schaye}, Joop and
         {Schwope}, Axel and {Sciortino}, Salvatore and {Severgnini}, Paola and
         {Shankar}, Francesco and {Sijacki}, Debora and {Sim}, Stuart and
         {Schmid}, Christian and {Smith}, Randall and {Steiner}, Andrew and
         {Stelzer}, Beate and {Stewart}, Gordon and {Strohmayer}, Tod and
         {Str{\"u}der}, Lothar and {Sun}, Ming and {Takei}, Yoh and
         {Tatischeff}, V. and {Tiengo}, Andreas and {Tombesi}, Francesco and
         {Trinchieri}, Ginevra and {Tsuru}, T.~G. and {Ud-Doula}, Asif and
         {Ursino}, Eugenio and {Valencic}, Lynne and {Vanzella}, Eros and
         {Vaughan}, Simon and {Vignali}, Cristian and {Vink}, Jacco and
         {Vito}, Fabio and {Volonteri}, Marta and {Wang}, Daniel and
         {Webb}, Natalie and {Willingale}, Richard and {Wilms}, Joern and
         {Wise}, Michael and {Worrall}, Diana and {Young}, Andrew and
         {Zampieri}, Luca and {In't Zand}, Jean and {Zane}, Silvia and
         {Zezas}, Andreas and {Zhang}, Yuying and {Zhuravleva}, Irina},
        title = "{The Hot and Energetic Universe: A White Paper presenting the science theme motivating the Athena+ mission}",
      journal = {arXiv e-prints},
     keywords = {Astrophysics - High Energy Astrophysical Phenomena, Astrophysics - Cosmology and Extragalactic Astrophysics, Astrophysics - Earth and Planetary Astrophysics, Astrophysics - Instrumentation and Methods for Astrophysics, Astrophysics - Solar and Stellar Astrophysics},
         year = "2013",
        month = "Jun",
          eid = {arXiv:1306.2307},
        pages = {arXiv:1306.2307},
archivePrefix = {arXiv},
       eprint = {1306.2307},
 primaryClass = {astro-ph.HE},
       adsurl = {https://ui.adsabs.harvard.edu/abs/2013arXiv1306.2307N},
      adsnote = {Provided by the SAO/NASA Astrophysics Data System}
}

@ARTICLE{Merloni2012,
       author = {{Merloni}, A. and {Predehl}, P. and {Becker}, W. and
         {B{\"o}hringer}, H. and {Boller}, T. and {Brunner}, H. and {Brusa}, M. and
         {Dennerl}, K. and {Freyberg}, M. and {Friedrich}, P. and
         {Georgakakis}, A. and {Haberl}, F. and {Hasinger}, G. and
         {Meidinger}, N. and {Mohr}, J. and {Nandra}, K. and {Rau}, A. and
         {Reiprich}, T.~H. and {Robrade}, J. and {Salvato}, M. and
         {Santangelo}, A. and {Sasaki}, M. and {Schwope}, A. and {Wilms}, J. and
         {German eROSITA Consortium}, the},
        title = "{eROSITA Science Book: Mapping the Structure of the Energetic Universe}",
      journal = {arXiv e-prints},
     keywords = {Astrophysics - High Energy Astrophysical Phenomena, Astrophysics - Cosmology and Extragalactic Astrophysics},
         year = "2012",
        month = "Sep",
          eid = {arXiv:1209.3114},
        pages = {arXiv:1209.3114},
archivePrefix = {arXiv},
       eprint = {1209.3114},
 primaryClass = {astro-ph.HE},
       adsurl = {https://ui.adsabs.harvard.edu/abs/2012arXiv1209.3114M},
      adsnote = {Provided by the SAO/NASA Astrophysics Data System}
}

@inproceedings{Davidson2012,
author = {Davidson, David},
year = {2012},
month = {10},
pages = {1279-1282},
title = {MeerKAT and SKA phase 1},
isbn = {978-1-4673-1799-3},
journal = {2012 10th International Symposium on Antennas, Propagation and EM Theory, ISAPE 2012},
doi = {10.1109/ISAPE.2012.6409014}
}



