%% CHAPTER 3 CITATIONS

@ARTICLE{bacon2012,
       author = {{Bacon}, R. and {Vernet}, J. and {Borisova}, E. and {Bouch{\'e}}, N. and
        {Brinchmann}, J. and {Carollo}, M. and {Carton}, D. and
        {Caruana}, J. and {Cerda}, S. and {Contini}, T. and {Franx}, M.
        and {Girard}, M. and {Guerou}, A. and {Haddad}, N. and {Hau}, G.
        and {Herenz}, C. and {Herrera}, J.~C. and {Husemann}, B. and
        {Husser}, T. -O. and {Jarno}, A. and {Kamann}, S. and
        {Krajnovic}, D. and {Lilly}, S. and {Mainieri}, V. and
        {Martinsson}, T. and {Palsa}, R. and {Patricio}, V. and
        {P{\'e}contal}, A. and {Pello}, R. and {Piqueras}, L. and
        {Richard}, J. and {Sandin}, C. and {Schroetter}, I. and
        {Selman}, F. and {Shirazi}, M. and {Smette}, A. and {Soto}, K.
        and {Streicher}, O. and {Urrutia}, T. and {Weilbacher}, P. and
        {Wisotzki}, L. and {Zins}, G.},
        title = "{MUSE Commissioning}",
      journal = {The Messenger},
         year = 2014,
        month = Sep,
       volume = {157},
        pages = {13-16},
       adsurl = {https://ui.adsabs.harvard.edu/#abs/2014Msngr.157...13B},
      adsnote = {Provided by the SAO/NASA Astrophysics Data System}
}

@ARTICLE{rottgering1997,
       author = {{Roettgering}, H.~J.~A. and {van Ojik}, R. and {Miley}, G.~K. and
        {Chambers}, K.~C. and {van Breugel}, W.~J.~M. and {de Koff}, S.},
        title = "{Spectroscopy of ultra-steep spectrum radio sources: a sample of z\&gt;2 radio galaxies.}",
      journal = {\aap},
     keywords = {GALAXIES: ACTIVE, GALAXIES: REDSHIFTS, GALAXIES: ISM, RADIO CONTINUUM: GALAXIES, Astrophysics},
         year = 1997,
        month = Oct,
       volume = {326},
        pages = {505-527},
archivePrefix = {arXiv},
       eprint = {astro-ph/9608063},
 primaryClass = {astro-ph},
       adsurl = {https://ui.adsabs.harvard.edu/\#abs/1997A&A...326..505R},
      adsnote = {Provided by the SAO/NASA Astrophysics Data System}
}

@ARTICLE{wilman2005,
       author = {{Wilman}, R.~J. and {Gerssen}, J. and {Bower}, R.~G. and {Morris}, S.~L.
        and {Bacon}, R. and {de Zeeuw}, P.~T. and {Davies}, R.~L.},
        title = "{The discovery of a galaxy-wide superwind from a young massive galaxy at redshift z \textasciitilde 3}",
      journal = {\nat},
     keywords = {Astrophysics},
         year = 2005,
        month = Jul,
       volume = {436},
        pages = {227-229},
          doi = {10.1038/nature03718},
archivePrefix = {arXiv},
       eprint = {astro-ph/0507315},
 primaryClass = {astro-ph},
       adsurl = {https://ui.adsabs.harvard.edu/\#abs/2005Natur.436..227W},
      adsnote = {Provided by the SAO/NASA Astrophysics Data System}
}

@INPROCEEDINGS{weilbacher2014,
       author = {{Weilbacher}, P.~M. and {Streicher}, O. and {Urrutia}, T. and {P{\'e
        }contal-Rousset}, A. and {Jarno}, A. and {Bacon}, R.},
        title = "{The MUSE Data Reduction Pipeline: Status after Preliminary Acceptance
        Europe}",
     keywords = {Astrophysics - Instrumentation and Methods for Astrophysics},
    booktitle = {Astronomical Data Analysis Software and Systems XXIII},
         year = 2014,
       volume = {485},
        month = May,
        pages = {451},
       adsurl = {https://ui.adsabs.harvard.edu/#abs/2014ASPC..485..451W},
      adsnote = {Provided by the SAO/NASA Astrophysics Data System}
}

@Article{soto2016, 
author = {{Soto}, K.~T. and {Lilly}, S.~J. and {Bacon}, R. and {Richard}, J. and 
  {Conseil}, S.},
    title = "{ZAP - enhanced PCA sky subtraction for integral field spectroscopy}",
  journal = {\mnras},
archivePrefix = "arXiv",
   eprint = {1602.08037},
 primaryClass = "astro-ph.IM",
 keywords = {methods: data analysis, methods: observational, techniques: imaging spectroscopy, techniques: spectroscopic},
     year = 2016,
    month = may,
   volume = 458,
    pages = {3210-3220},
      doi = {10.1093/mnras/stw474},
   adsurl = {http://adsabs.harvard.edu/abs/2016MNRAS.458.3210S},
  adsnote = {Provided by the SAO/NASA Astrophysics Data System}
}

@Article{vila-costas1993, 
author = {{Vila Costas}, M.~B. and {Edmunds}, M.~G.},
    title = "{The Nitrogen-To Ratio in Galaxies and its Implications for the Origin of Nitrogen}",
  journal = {\mnras},
     year = 1993,
    month = nov,
   volume = 265,
    pages = {199},
      doi = {10.1093/mnras/265.1.199},
   adsurl = {http://adsabs.harvard.edu/abs/1993MNRAS.265..199V},
  adsnote = {Provided by the SAO/NASA Astrophysics Data System}
}

@Article{villar-martin2007, 
author = {{Villar-Mart{\'{\i}}n}, M. and {Humphrey}, A. and {De Breuck}, C. and 
  {Fosbury}, R. and {Binette}, L. and {Vernet}, J.},
    title = "{Ly{$\alpha$} excess in high-redshift radio galaxies: a signature of star formation}",
  journal = {\mnras},
   eprint = {astro-ph/0612116},
 keywords = {galaxies: active, galaxies: evolution, cosmology: observations, early Universe},
     year = 2007,
    month = mar,
   volume = 375,
    pages = {1299-1310},
      doi = {10.1111/j.1365-2966.2006.11371.x},
   adsurl = {http://adsabs.harvard.edu/abs/2007MNRAS.375.1299V},
  adsnote = {Provided by the SAO/NASA Astrophysics Data System}
}

@Article{wilman2003, 
author = {{Wilman}, R.~J. and {Jarvis}, M.~J. and {R{\"o}ttgering}, H.~J.~A. and 
  {Binette}, L.},
    title = "{The absorbing haloes around high-redshift radio galaxies: the UVES view}",
  journal = {\nar},
     year = 2003,
    month = sep,
   volume = 47,
    pages = {279-283},
      doi = {10.1016/S1387-6473(03)00039-3},
   adsurl = {http://adsabs.harvard.edu/abs/2003NewAR..47..279W},
  adsnote = {Provided by the SAO/NASA Astrophysics Data System}
}


@Article{jarvis2003, 
author = {{Jarvis}, M.~J. and {Wilman}, R.~J. and {R{\"o}ttgering}, H.~J.~A. and 
  {Binette}, L.},
    title = "{Probing the absorbing haloes around two high-redshift radio galaxies with VLT-UVES$^{*}$}",
  journal = {\mnras},
   eprint = {astro-ph/0209159},
 keywords = {galaxies: active, galaxies: haloes, galaxies: high-redshift, quasars: absorption lines, quasars: emission lines},
     year = 2003,
    month = jan,
   volume = 338,
    pages = {263-272},
      doi = {10.1046/j.1365-8711.2003.06053.x},
   adsurl = {http://adsabs.harvard.edu/abs/2003MNRAS.338..263J},
  adsnote = {Provided by the SAO/NASA Astrophysics Data System}
}

@Article{silva2018b, 
author = {{Silva}, M. and {Humphrey}, A. and {Lagos}, P. and {Villar-Mart{\'{\i}}n}, M. and 
  {Morais}, S.~G. and {di Serego Alighieri}, S. and {Cimatti}, A. and 
  {Fosbury}, R. and {Overzier}, R.~A. and {Vernet}, J. and {Binette}, L.
  },
    title = "{The MUSE 3D view of feedback in a high-metallicity radio galaxy at z = 2.9}",
  journal = {\mnras},
archivePrefix = "arXiv",
   eprint = {1711.10601},
 keywords = {galaxies: active, galaxies: evolution, galaxies: high-redshift, galaxies: individual: MRC 0943-242, galaxies: ISM, quasars: absorption lines, quasars: emission lines},
     year = 2018,
    month = mar,
   volume = 474,
    pages = {3649-3672},
      doi = {10.1093/mnras/stx3019},
   adsurl = {http://adsabs.harvard.edu/abs/2018MNRAS.474.3649S},
  adsnote = {Provided by the SAO/NASA Astrophysics Data System}
}

@Article{binette2000, 
author = {{Binette}, L. and {Kurk}, J.~D. and {Villar-Mart{\'{\i}}n}, M. and 
  {R{\"o}ttgering}, H.~J.~A.},
    title = "{A vestige low metallicity gas shell surrounding the radio galaxy 0943-242 at z=2.92}",
  journal = {\aap},
   eprint = {astro-ph/0002210},
 keywords = {GALAXIES: INDIVIDUAL: 0943-242, COSMOLOGY: EARLY UNIVERSE, GALAXIES: ACTIVE, GALAXIES: FORMATION, GALAXIES: ISM},
     year = 2000,
    month = apr,
   volume = 356,
    pages = {23-32},
   adsurl = {http://adsabs.harvard.edu/abs/2000A%26A...356...23B},
  adsnote = {Provided by the SAO/NASA Astrophysics Data System}
}

@Article{binette2006, 
author = {{Binette}, L. and {Wilman}, R.~J. and {Villar-Mart{\'{\i}}n}, M. and 
  {Fosbury}, R.~A.~E. and {Jarvis}, M.~J. and {R{\"o}ttgering}, H.~J.~A.
  },
    title = "{Ionization of large-scale absorbing haloes and feedback events from high-redshift radio galaxies}",
  journal = {\aap},
   eprint = {astro-ph/0607289},
 keywords = {cosmology: early universe, galaxies: active, galaxies: formation, galaxies: ISM, line: formation},
     year = 2006,
    month = nov,
   volume = 459,
    pages = {31-42},
      doi = {10.1051/0004-6361:20065079},
   adsurl = {http://adsabs.harvard.edu/abs/2006A%26A...459...31B},
  adsnote = {Provided by the SAO/NASA Astrophysics Data System}
}

@Article{murdoch1986, 
author = {{Murdoch}, H.~S. and {Hunstead}, R.~W. and {Pettini}, M. and 
  {Blades}, J.~C.},
    title = "{Absorption spectrum of the Z = 3.78 QSO 2000-330. II - The redshift and equivalent width distributions of primordial hydrogen clouds}",
  journal = {\apj},
 keywords = {Cosmology, Galactic Evolution, Hydrogen Clouds, Intergalactic Media, Lyman Alpha Radiation, Quasars, Absorption Spectra, Bl Lacertae Objects, Red Shift, Spectral Line Width},
     year = 1986,
    month = oct,
   volume = 309,
    pages = {19-32},
      doi = {10.1086/164573},
   adsurl = {http://adsabs.harvard.edu/abs/1986ApJ...309...19M},
  adsnote = {Provided by the SAO/NASA Astrophysics Data System}
}


@Article{mccarthy1987, 
author = {{McCarthy}, P.~J. and {van Breugel}, W. and {Spinrad}, H. and 
  {Djorgovski}, S.},
    title = "{A correlation between the radio and optical morphologies of distant 3Cr radio galaxies}",
  journal = {\apjl},
 keywords = {Astronomical Models, Galactic Evolution, Morphology, Radio Galaxies, Radio Spectra, Visible Spectrum, Emission Spectra, Interstellar Gas, Radio Jets (Astronomy), Spectrum Analysis, Star Formation Rate},
     year = 1987,
    month = oct,
   volume = 321,
    pages = {L29-L33},
      doi = {10.1086/185000},
   adsurl = {http://adsabs.harvard.edu/abs/1987ApJ...321L..29M},
  adsnote = {Provided by the SAO/NASA Astrophysics Data System}
}

@Article{chambers1987, 
 author = {{Chambers}, K.~C. and {Miley}, G.~K. and {van Breugel}, W.},
    title = "{Alignment of radio and optical orientations in high-redshift radio galaxies}",
  journal = {\nat},
 keywords = {Astronomical Spectroscopy, Radio Galaxies, Radio Spectra, Red Shift, Spectrum Analysis, Visible Spectrum, Alignment, Charge Coupled Devices, Very Large Array (Vla)},
     year = 1987,
    month = oct,
   volume = 329,
    pages = {604-606},
      doi = {10.1038/329604a0},
   adsurl = {http://adsabs.harvard.edu/abs/1987Natur.329..604C},
  adsnote = {Provided by the SAO/NASA Astrophysics Data System}
}

@Article{reuland2007, 
author = {{Reuland}, M. and {van Breugel}, W. and {de Vries}, W. and {Dopita}, M.~A. and 
  {Dey}, A. and {Miley}, G. and {R{\"o}ttgering}, H. and {Venemans}, B. and 
  {Stanford}, S.~A. and {Lacy}, M. and {Spinrad}, H. and {Dawson}, S. and 
  {Stern}, D. and {Bunker}, A.},
    title = "{Metal-Enriched Gaseous Halos around Distant Radio Galaxies: Clues to Feedback in Galaxy Formation}",
  journal = {\aj},
   eprint = {astro-ph/0702753},
 keywords = {galaxies: active, galaxies: formation, galaxies: high-redshift, galaxies: individual: B2 0902+34: 4C 60.07: 4C 41.17, quasars: emission lines},
     year = 2007,
    month = jun,
   volume = 133,
    pages = {2607-2623},
      doi = {10.1086/516571},
   adsurl = {http://adsabs.harvard.edu/abs/2007AJ....133.2607R},
  adsnote = {Provided by the SAO/NASA Astrophysics Data System}
}

@MISC{newville2016,
   author = {{Newville}, M. and {Stensitzki}, T. and {Allen}, D.~B. and {Rawlik}, M. and 
  {Ingargiola}, A. and {Nelson}, A.},
    title = "{Lmfit: Non-Linear Least-Square Minimization and Curve-Fitting for Python}",
 keywords = {Software},
howpublished = {Astrophysics Source Code Library},
     year = 2016,
    month = jun,
archivePrefix = "ascl",
   eprint = {1606.014},
   adsurl = {http://adsabs.harvard.edu/abs/2016ascl.soft06014N},
  adsnote = {Provided by the SAO/NASA Astrophysics Data System}
}

@Article{krogager2018, 
author = {{Krogager}, J.-K.},
    title = "{VoigtFit: A Python package for Voigt profile fitting}",
  journal = {ArXiv e-prints},
archivePrefix = "arXiv",
   eprint = {1803.01187},
 primaryClass = "astro-ph.IM",
 keywords = {Astrophysics - Instrumentation and Methods for Astrophysics},
     year = 2018,
    month = mar,
   adsurl = {http://adsabs.harvard.edu/abs/2018arXiv180301187K},
  adsnote = {Provided by the SAO/NASA Astrophysics Data System}
}

@Article{fechner2009, 
 author = {{Fechner}, C. and {Richter}, P.},
    title = "{The nature of N V absorbers at high redshift}",
  journal = {\aap},
archivePrefix = "arXiv",
   eprint = {0807.4638},
 keywords = {galaxies: intergalactic medium, galaxies: quasars: absorption lines, cosmology: observations},
     year = 2009,
    month = mar,
   volume = 496,
    pages = {31-44},
      doi = {10.1051/0004-6361/200810421},
   adsurl = {http://adsabs.harvard.edu/abs/2009A%26A...496...31F},
  adsnote = {Provided by the SAO/NASA Astrophysics Data System}
}

@Article{tepper-garcia2006, 
 author = {{Tepper-Garc{\'{\i}}a}, T.},
    title = "{Voigt profile fitting to quasar absorption lines: an analytic approximation to the Voigt-Hjerting function}",
  journal = {\mnras},
   eprint = {astro-ph/0602124},
 keywords = {line: formation: line: identification: line: profiles: methods: analytical: quasars: absorption lines, line: formation, line: identification, line: profiles, methods: analytical, quasars: absorption lines},
     year = 2006,
    month = jul,
   volume = 369,
    pages = {2025-2035},
      doi = {10.1111/j.1365-2966.2006.10450.x},
   adsurl = {http://adsabs.harvard.edu/abs/2006MNRAS.369.2025T},
  adsnote = {Provided by the SAO/NASA Astrophysics Data System}
}

@Article{verhamme2018,
 author = {{Verhamme}, A. and {Garel}, T. and {Ventou}, E. and {Contini}, T. and 
  {Bouch{\'e}}, N. and {Herenz}, E. and {Richard}, J. and {Bacon}, R. and 
  {Schmidt}, K. and {Maseda}, M. and {Marino}, R. and {Brinchmann}, J. and 
  {Cantalupo}, S. and {Caruana}, J. and {Cl{\'e}ment}, B. and 
  {Diener}, C. and {Drake}, A. and {Hashimoto}, T. and {Inami}, H. and 
  {Kerutt}, J. and {Kollatschny}, W. and {Leclercq}, F. and {Patr{\'{\i}}cio}, V. and 
  {Schaye}, J. and {Wisotzki}, L. and {Zabl}, J.},
    title = "{Recovering the systemic redshift of galaxies from their Lyman alpha line profile}",
  journal = {\mnras},
archivePrefix = "arXiv",
   eprint = {1804.01883},
 keywords = {galaxies: high-redshift, galaxies: starburst, galaxies: statistics, ultraviolet: galaxies},
     year = 2018,
    month = jul,
   volume = 478,
    pages = {L60-L65},
      doi = {10.1093/mnrasl/sly058},
   adsurl = {http://adsabs.harvard.edu/abs/2018MNRAS.478L..60V},
  adsnote = {Provided by the SAO/NASA Astrophysics Data System}
}

@ARTICLE{gaia2016,
       author = {{Gaia Collaboration} and {Prusti}, T. and {de Bruijne}, J.~H.~J. and
         {Brown}, A.~G.~A. and {Vallenari}, A. and {Babusiaux}, C. and
         {Bailer-Jones}, C.~A.~L. and {Bastian}, U. and {Biermann}, M. and
         {Evans}, D.~W. and {Eyer}, L. and {Jansen}, F. and {Jordi}, C. and
         {Klioner}, S.~A. and {Lammers}, U. and {Lindegren}, L. and {Luri}, X. and
         {Mignard}, F. and {Milligan}, D.~J. and {Panem}, C. and
         {Poinsignon}, V. and {Pourbaix}, D. and {Randich}, S. and {Sarri}, G. and
         {Sartoretti}, P. and {Siddiqui}, H.~I. and {Soubiran}, C. and
         {Valette}, V. and {van Leeuwen}, F. and {Walton}, N.~A. and
         {Aerts}, C. and {Arenou}, F. and {Cropper}, M. and {Drimmel}, R. and
         {H{\o}g}, E. and {Katz}, D. and {Lattanzi}, M.~G. and {O'Mullane}, W. and
         {Grebel}, E.~K. and {Holland}, A.~D. and {Huc}, C. and {Passot}, X. and
         {Bramante}, L. and {Cacciari}, C. and {Casta{\~n}eda}, J. and
         {Chaoul}, L. and {Cheek}, N. and {De Angeli}, F. and {Fabricius}, C. and
         {Guerra}, R. and {Hern{\'a}ndez}, J. and {Jean-Antoine-Piccolo}, A. and
         {Masana}, E. and {Messineo}, R. and {Mowlavi}, N. and
         {Nienartowicz}, K. and {Ord{\'o}{\~n}ez-Blanco}, D. and {Panuzzo}, P. and
         {Portell}, J. and {Richards}, P.~J. and {Riello}, M. and
         {Seabroke}, G.~M. and {Tanga}, P. and {Th{\'e}venin}, F. and
         {Torra}, J. and {Els}, S.~G. and {Gracia-Abril}, G. and
         {Comoretto}, G. and {Garcia-Reinaldos}, M. and {Lock}, T. and
         {Mercier}, E. and {Altmann}, M. and {Andrae}, R. and
         {Astraatmadja}, T.~L. and {Bellas-Velidis}, I. and {Benson}, K. and
         {Berthier}, J. and {Blomme}, R. and {Busso}, G. and {Carry}, B. and
         {Cellino}, A. and {Clementini}, G. and {Cowell}, S. and {Creevey}, O. and
         {Cuypers}, J. and {Davidson}, M. and {De Ridder}, J. and
         {de Torres}, A. and {Delchambre}, L. and {Dell'Oro}, A. and
         {Ducourant}, C. and {Fr{\'e}mat}, Y. and {Garc{\'\i}a-Torres}, M. and
         {Gosset}, E. and {Halbwachs}, J. -L. and {Hambly}, N.~C. and
         {Harrison}, D.~L. and {Hauser}, M. and {Hestroffer}, D. and
         {Hodgkin}, S.~T. and {Huckle}, H.~E. and {Hutton}, A. and
         {Jasniewicz}, G. and {Jordan}, S. and {Kontizas}, M. and {Korn}, A.~J. and
         {Lanzafame}, A.~C. and {Manteiga}, M. and {Moitinho}, A. and
         {Muinonen}, K. and {Osinde}, J. and {Pancino}, E. and {Pauwels}, T. and
         {Petit}, J. -M. and {Recio-Blanco}, A. and {Robin}, A.~C. and
         {Sarro}, L.~M. and {Siopis}, C. and {Smith}, M. and {Smith}, K.~W. and
         {Sozzetti}, A. and {Thuillot}, W. and {van Reeven}, W. and {Viala}, Y. and
         {Abbas}, U. and {Abreu Aramburu}, A. and {Accart}, S. and
         {Aguado}, J.~J. and {Allan}, P.~M. and {Allasia}, W. and
         {Altavilla}, G. and {{\'A}lvarez}, M.~A. and {Alves}, J. and
         {Anderson}, R.~I. and {Andrei}, A.~H. and {Anglada Varela}, E. and
         {Antiche}, E. and {Antoja}, T. and {Ant{\'o}n}, S. and {Arcay}, B. and
         {Atzei}, A. and {Ayache}, L. and {Bach}, N. and {Baker}, S.~G. and
         {Balaguer-N{\'u}{\~n}ez}, L. and {Barache}, C. and {Barata}, C. and
         {Barbier}, A. and {Barblan}, F. and {Baroni}, M. and
         {Barrado y Navascu{\'e}s}, D. and {Barros}, M. and {Barstow}, M.~A. and
         {Becciani}, U. and {Bellazzini}, M. and {Bellei}, G. and
         {Bello Garc{\'\i}a}, A. and {Belokurov}, V. and {Bendjoya}, P. and
         {Berihuete}, A. and {Bianchi}, L. and {Bienaym{\'e}}, O. and
         {Billebaud}, F. and {Blagorodnova}, N. and {Blanco-Cuaresma}, S. and
         {Boch}, T. and {Bombrun}, A. and {Borrachero}, R. and {Bouquillon}, S. and
         {Bourda}, G. and {Bouy}, H. and {Bragaglia}, A. and {Breddels}, M.~A. and
         {Brouillet}, N. and {Br{\"u}semeister}, T. and {Bucciarelli}, B. and
         {Budnik}, F. and {Burgess}, P. and {Burgon}, R. and {Burlacu}, A. and
         {Busonero}, D. and {Buzzi}, R. and {Caffau}, E. and {Cambras}, J. and
         {Campbell}, H. and {Cancelliere}, R. and {Cantat-Gaudin}, T. and
         {Carlucci}, T. and {Carrasco}, J.~M. and {Castellani}, M. and
         {Charlot}, P. and {Charnas}, J. and {Charvet}, P. and {Chassat}, F. and
         {Chiavassa}, A. and {Clotet}, M. and {Cocozza}, G. and
         {Collins}, R.~S. and {Collins}, P. and {Costigan}, G. and {Crifo}, F. and
         {Cross}, N.~J.~G. and {Crosta}, M. and {Crowley}, C. and {Dafonte}, C. and
         {Damerdji}, Y. and {Dapergolas}, A. and {David}, P. and {David}, M. and
         {De Cat}, P. and {de Felice}, F. and {de Laverny}, P. and
         {De Luise}, F. and {De March}, R. and {de Martino}, D. and
         {de Souza}, R. and {Debosscher}, J. and {del Pozo}, E. and {Delbo}, M. and
         {Delgado}, A. and {Delgado}, H.~E. and {di Marco}, F. and
         {Di Matteo}, P. and {Diakite}, S. and {Distefano}, E. and
         {Dolding}, C. and {Dos Anjos}, S. and {Drazinos}, P. and
         {Dur{\'a}n}, J. and {Dzigan}, Y. and {Ecale}, E. and {Edvardsson}, B. and
         {Enke}, H. and {Erdmann}, M. and {Escolar}, D. and {Espina}, M. and
         {Evans}, N.~W. and {Eynard Bontemps}, G. and {Fabre}, C. and
         {Fabrizio}, M. and {Faigler}, S. and {Falc{\~a}o}, A.~J. and
         {Farr{\`a}s Casas}, M. and {Faye}, F. and {Federici}, L. and
         {Fedorets}, G. and {Fern{\'a}ndez-Hern{\'a}ndez}, J. and
         {Fernique}, P. and {Fienga}, A. and {Figueras}, F. and {Filippi}, F. and
         {Findeisen}, K. and {Fonti}, A. and {Fouesneau}, M. and {Fraile}, E. and
         {Fraser}, M. and {Fuchs}, J. and {Furnell}, R. and {Gai}, M. and
         {Galleti}, S. and {Galluccio}, L. and {Garabato}, D. and
         {Garc{\'\i}a-Sedano}, F. and {Gar{\'e}}, P. and {Garofalo}, A. and
         {Garralda}, N. and {Gavras}, P. and {Gerssen}, J. and {Geyer}, R. and
         {Gilmore}, G. and {Girona}, S. and {Giuffrida}, G. and {Gomes}, M. and
         {Gonz{\'a}lez-Marcos}, A. and {Gonz{\'a}lez-N{\'u}{\~n}ez}, J. and
         {Gonz{\'a}lez-Vidal}, J.~J. and {Granvik}, M. and {Guerrier}, A. and
         {Guillout}, P. and {Guiraud}, J. and {G{\'u}rpide}, A. and
         {Guti{\'e}rrez-S{\'a}nchez}, R. and {Guy}, L.~P. and {Haigron}, R. and
         {Hatzidimitriou}, D. and {Haywood}, M. and {Heiter}, U. and
         {Helmi}, A. and {Hobbs}, D. and {Hofmann}, W. and {Holl}, B. and {Holland
        }, G. and {Hunt}, J.~A.~S. and {Hypki}, A. and {Icardi}, V. and
         {Irwin}, M. and {Jevardat de Fombelle}, G. and {Jofr{\'e}}, P. and
         {Jonker}, P.~G. and {Jorissen}, A. and {Julbe}, F. and
         {Karampelas}, A. and {Kochoska}, A. and {Kohley}, R. and
         {Kolenberg}, K. and {Kontizas}, E. and {Koposov}, S.~E. and
         {Kordopatis}, G. and {Koubsky}, P. and {Kowalczyk}, A. and
         {Krone-Martins}, A. and {Kudryashova}, M. and {Kull}, I. and
         {Bachchan}, R.~K. and {Lacoste-Seris}, F. and {Lanza}, A.~F. and
         {Lavigne}, J. -B. and {Le Poncin-Lafitte}, C. and {Lebreton}, Y. and
         {Lebzelter}, T. and {Leccia}, S. and {Leclerc}, N. and
         {Lecoeur-Taibi}, I. and {Lemaitre}, V. and {Lenhardt}, H. and
         {Leroux}, F. and {Liao}, S. and {Licata}, E. and
         {Lindstr{\o}m}, H.~E.~P. and {Lister}, T.~A. and {Livanou}, E. and
         {Lobel}, A. and {L{\"o}ffler}, W. and {L{\'o}pez}, M. and
         {Lopez-Lozano}, A. and {Lorenz}, D. and {Loureiro}, T. and
         {MacDonald}, I. and {Magalh{\~a}es Fernandes}, T. and {Managau}, S. and
         {Mann}, R.~G. and {Mantelet}, G. and {Marchal}, O. and
         {Marchant}, J.~M. and {Marconi}, M. and {Marie}, J. and {Marinoni}, S. and
         {Marrese}, P.~M. and {Marschalk{\'o}}, G. and {Marshall}, D.~J. and
         {Mart{\'\i}n-Fleitas}, J.~M. and {Martino}, M. and {Mary}, N. and
         {Matijevi{\v{c}}}, G. and {Mazeh}, T. and {McMillan}, P.~J. and
         {Messina}, S. and {Mestre}, A. and {Michalik}, D. and {Millar}, N.~R. and
         {Miranda}, B.~M.~H. and {Molina}, D. and {Molinaro}, R. and
         {Molinaro}, M. and {Moln{\'a}r}, L. and {Moniez}, M. and
         {Montegriffo}, P. and {Monteiro}, D. and {Mor}, R. and {Mora}, A. and
         {Morbidelli}, R. and {Morel}, T. and {Morgenthaler}, S. and
         {Morley}, T. and {Morris}, D. and {Mulone}, A.~F. and {Muraveva}, T. and
         {Musella}, I. and {Narbonne}, J. and {Nelemans}, G. and {Nicastro}, L. and
         {Noval}, L. and {Ord{\'e}novic}, C. and {Ordieres-Mer{\'e}}, J. and
         {Osborne}, P. and {Pagani}, C. and {Pagano}, I. and {Pailler}, F. and
         {Palacin}, H. and {Palaversa}, L. and {Parsons}, P. and {Paulsen}, T. and
         {Pecoraro}, M. and {Pedrosa}, R. and {Pentik{\"a}inen}, H. and
         {Pereira}, J. and {Pichon}, B. and {Piersimoni}, A.~M. and
         {Pineau}, F. -X. and {Plachy}, E. and {Plum}, G. and {Poujoulet}, E. and
         {Pr{\v{s}}a}, A. and {Pulone}, L. and {Ragaini}, S. and {Rago}, S. and
         {Rambaux}, N. and {Ramos-Lerate}, M. and {Ranalli}, P. and {Rauw}, G. and
         {Read}, A. and {Regibo}, S. and {Renk}, F. and {Reyl{\'e}}, C. and
         {Ribeiro}, R.~A. and {Rimoldini}, L. and {Ripepi}, V. and {Riva}, A. and
         {Rixon}, G. and {Roelens}, M. and {Romero-G{\'o}mez}, M. and
         {Rowell}, N. and {Royer}, F. and {Rudolph}, A. and {Ruiz-Dern}, L. and
         {Sadowski}, G. and {Sagrist{\`a} Sell{\'e}s}, T. and {Sahlmann}, J. and
         {Salgado}, J. and {Salguero}, E. and {Sarasso}, M. and {Savietto}, H. and
         {Schnorhk}, A. and {Schultheis}, M. and {Sciacca}, E. and {Segol}, M. and
         {Segovia}, J.~C. and {Segransan}, D. and {Serpell}, E. and
         {Shih}, I. -C. and {Smareglia}, R. and {Smart}, R.~L. and {Smith}, C. and
         {Solano}, E. and {Solitro}, F. and {Sordo}, R. and {Soria Nieto}, S. and
         {Souchay}, J. and {Spagna}, A. and {Spoto}, F. and {Stampa}, U. and
         {Steele}, I.~A. and {Steidelm{\"u}ller}, H. and {Stephenson}, C.~A. and
         {Stoev}, H. and {Suess}, F.~F. and {S{\"u}veges}, M. and {Surdej}, J. and
         {Szabados}, L. and {Szegedi-Elek}, E. and {Tapiador}, D. and
         {Taris}, F. and {Tauran}, G. and {Taylor}, M.~B. and {Teixeira}, R. and
         {Terrett}, D. and {Tingley}, B. and {Trager}, S.~C. and {Turon}, C. and
         {Ulla}, A. and {Utrilla}, E. and {Valentini}, G. and {van Elteren}, A. and
         {Van Hemelryck}, E. and {van Leeuwen}, M. and {Varadi}, M. and
         {Vecchiato}, A. and {Veljanoski}, J. and {Via}, T. and {Vicente}, D. and
         {Vogt}, S. and {Voss}, H. and {Votruba}, V. and {Voutsinas}, S. and
         {Walmsley}, G. and {Weiler}, M. and {Weingrill}, K. and {Werner}, D. and
         {Wevers}, T. and {Whitehead}, G. and {Wyrzykowski}, {\L}. and
         {Yoldas}, A. and {{\v{Z}}erjal}, M. and {Zucker}, S. and {Zurbach}, C. and
         {Zwitter}, T. and {Alecu}, A. and {Allen}, M. and {Allende Prieto}, C. and
         {Amorim}, A. and {Anglada-Escud{\'e}}, G. and {Arsenijevic}, V. and
         {Azaz}, S. and {Balm}, P. and {Beck}, M. and {Bernstein}, H. -H. and
         {Bigot}, L. and {Bijaoui}, A. and {Blasco}, C. and {Bonfigli}, M. and
         {Bono}, G. and {Boudreault}, S. and {Bressan}, A. and {Brown}, S. and
         {Brunet}, P. -M. and {Bunclark}, P. and {Buonanno}, R. and
         {Butkevich}, A.~G. and {Carret}, C. and {Carrion}, C. and {Chemin}, L. and
         {Ch{\'e}reau}, F. and {Corcione}, L. and {Darmigny}, E. and
         {de Boer}, K.~S. and {de Teodoro}, P. and {de Zeeuw}, P.~T. and
         {Delle Luche}, C. and {Domingues}, C.~D. and {Dubath}, P. and
         {Fodor}, F. and {Fr{\'e}zouls}, B. and {Fries}, A. and {Fustes}, D. and
         {Fyfe}, D. and {Gallardo}, E. and {Gallegos}, J. and {Gardiol}, D. and
         {Gebran}, M. and {Gomboc}, A. and {G{\'o}mez}, A. and {Grux}, E. and
         {Gueguen}, A. and {Heyrovsky}, A. and {Hoar}, J. and {Iannicola}, G. and
         {Isasi Parache}, Y. and {Janotto}, A. -M. and {Joliet}, E. and
         {Jonckheere}, A. and {Keil}, R. and {Kim}, D. -W. and {Klagyivik}, P. and
         {Klar}, J. and {Knude}, J. and {Kochukhov}, O. and {Kolka}, I. and
         {Kos}, J. and {Kutka}, A. and {Lainey}, V. and {LeBouquin}, D. and
         {Liu}, C. and {Loreggia}, D. and {Makarov}, V.~V. and
         {Marseille}, M.~G. and {Martayan}, C. and {Martinez-Rubi}, O. and
         {Massart}, B. and {Meynadier}, F. and {Mignot}, S. and {Munari}, U. and
         {Nguyen}, A. -T. and {Nordlander}, T. and {Ocvirk}, P. and
         {O'Flaherty}, K.~S. and {Olias Sanz}, A. and {Ortiz}, P. and
         {Osorio}, J. and {Oszkiewicz}, D. and {Ouzounis}, A. and {Palmer}, M. and
         {Park}, P. and {Pasquato}, E. and {Peltzer}, C. and {Peralta}, J. and
         {P{\'e}turaud}, F. and {Pieniluoma}, T. and {Pigozzi}, E. and
         {Poels}, J. and {Prat}, G. and {Prod'homme}, T. and {Raison}, F. and
         {Rebordao}, J.~M. and {Risquez}, D. and {Rocca-Volmerange}, B. and
         {Rosen}, S. and {Ruiz-Fuertes}, M.~I. and {Russo}, F. and {Sembay}, S. and
         {Serraller Vizcaino}, I. and {Short}, A. and {Siebert}, A. and
         {Silva}, H. and {Sinachopoulos}, D. and {Slezak}, E. and {Soffel}, M. and
         {Sosnowska}, D. and {Strai{\v{z}}ys}, V. and {ter Linden}, M. and
         {Terrell}, D. and {Theil}, S. and {Tiede}, C. and {Troisi}, L. and
         {Tsalmantza}, P. and {Tur}, D. and {Vaccari}, M. and {Vachier}, F. and
         {Valles}, P. and {Van Hamme}, W. and {Veltz}, L. and {Virtanen}, J. and
         {Wallut}, J. -M. and {Wichmann}, R. and {Wilkinson}, M.~I. and
         {Ziaeepour}, H. and {Zschocke}, S.},
        title = "{The Gaia mission}",
      journal = {\aap},
     keywords = {space vehicles: instruments, Galaxy: structure, astrometry, parallaxes, proper motions, telescopes, Astrophysics - Instrumentation and Methods for Astrophysics},
         year = "2016",
        month = "Nov",
       volume = {595},
          eid = {A1},
        pages = {A1},
          doi = {10.1051/0004-6361/201629272},
archivePrefix = {arXiv},
       eprint = {1609.04153},
 primaryClass = {astro-ph.IM},
       adsurl = {https://ui.adsabs.harvard.edu/\#abs/2016A&A...595A...1G},
      adsnote = {Provided by the SAO/NASA Astrophysics Data System}
}

@ARTICLE{gaia2018,
       author = {{Gaia Collaboration} and {Brown}, A.~G.~A. and {Vallenari}, A. and
         {Prusti}, T. and {de Bruijne}, J.~H.~J. and {Babusiaux}, C. and
         {Bailer-Jones}, C.~A.~L. and {Biermann}, M. and {Evans}, D.~W. and
         {Eyer}, L. and {Jansen}, F. and {Jordi}, C. and {Klioner}, S.~A. and
         {Lammers}, U. and {Lindegren}, L. and {Luri}, X. and {Mignard}, F. and
         {Panem}, C. and {Pourbaix}, D. and {Randich}, S. and {Sartoretti}, P. and
         {Siddiqui}, H.~I. and {Soubiran}, C. and {van Leeuwen}, F. and
         {Walton}, N.~A. and {Arenou}, F. and {Bastian}, U. and {Cropper}, M. and
         {Drimmel}, R. and {Katz}, D. and {Lattanzi}, M.~G. and {Bakker}, J. and
         {Cacciari}, C. and {Casta{\~n}eda}, J. and {Chaoul}, L. and
         {Cheek}, N. and {De Angeli}, F. and {Fabricius}, C. and {Guerra}, R. and
         {Holl}, B. and {Masana}, E. and {Messineo}, R. and {Mowlavi}, N. and
         {Nienartowicz}, K. and {Panuzzo}, P. and {Portell}, J. and
         {Riello}, M. and {Seabroke}, G.~M. and {Tanga}, P. and
         {Th{\'e}venin}, F. and {Gracia-Abril}, G. and {Comoretto}, G. and
         {Garcia-Reinaldos}, M. and {Teyssier}, D. and {Altmann}, M. and
         {Andrae}, R. and {Audard}, M. and {Bellas-Velidis}, I. and
         {Benson}, K. and {Berthier}, J. and {Blomme}, R. and {Burgess}, P. and
         {Busso}, G. and {Carry}, B. and {Cellino}, A. and {Clementini}, G. and
         {Clotet}, M. and {Creevey}, O. and {Davidson}, M. and {De Ridder}, J. and
         {Delchambre}, L. and {Dell'Oro}, A. and {Ducourant}, C. and
         {Fern{\'a}ndez-Hern{\'a}ndez}, J. and {Fouesneau}, M. and
         {Fr{\'e}mat}, Y. and {Galluccio}, L. and {Garc{\'\i}a-Torres}, M. and
         {Gonz{\'a}lez-N{\'u}{\~n}ez}, J. and {Gonz{\'a}lez-Vidal}, J.~J. and
         {Gosset}, E. and {Guy}, L.~P. and {Halbwachs}, J. -L. and
         {Hambly}, N.~C. and {Harrison}, D.~L. and {Hern{\'a}ndez}, J. and
         {Hestroffer}, D. and {Hodgkin}, S.~T. and {Hutton}, A. and
         {Jasniewicz}, G. and {Jean-Antoine-Piccolo}, A. and {Jordan}, S. and
         {Korn}, A.~J. and {Krone-Martins}, A. and {Lanzafame}, A.~C. and
         {Lebzelter}, T. and {L{\"o}ffler}, W. and {Manteiga}, M. and
         {Marrese}, P.~M. and {Mart{\'\i}n-Fleitas}, J.~M. and {Moitinho}, A. and
         {Mora}, A. and {Muinonen}, K. and {Osinde}, J. and {Pancino}, E. and
         {Pauwels}, T. and {Petit}, J. -M. and {Recio-Blanco}, A. and
         {Richards}, P.~J. and {Rimoldini}, L. and {Robin}, A.~C. and
         {Sarro}, L.~M. and {Siopis}, C. and {Smith}, M. and {Sozzetti}, A. and
         {S{\"u}veges}, M. and {Torra}, J. and {van Reeven}, W. and {Abbas}, U. and
         {Abreu Aramburu}, A. and {Accart}, S. and {Aerts}, C. and
         {Altavilla}, G. and {{\'A}lvarez}, M.~A. and {Alvarez}, R. and
         {Alves}, J. and {Anderson}, R.~I. and {Andrei}, A.~H. and
         {Anglada Varela}, E. and {Antiche}, E. and {Antoja}, T. and
         {Arcay}, B. and {Astraatmadja}, T.~L. and {Bach}, N. and
         {Baker}, S.~G. and {Balaguer-N{\'u}{\~n}ez}, L. and {Balm}, P. and
         {Barache}, C. and {Barata}, C. and {Barbato}, D. and {Barblan}, F. and
         {Barklem}, P.~S. and {Barrado}, D. and {Barros}, M. and
         {Barstow}, M.~A. and {Bartholom{\'e} Mu{\~n}oz}, S. and
         {Bassilana}, J. -L. and {Becciani}, U. and {Bellazzini}, M. and
         {Berihuete}, A. and {Bertone}, S. and {Bianchi}, L. and
         {Bienaym{\'e}}, O. and {Blanco-Cuaresma}, S. and {Boch}, T. and
         {Boeche}, C. and {Bombrun}, A. and {Borrachero}, R. and {Bossini}, D. and
         {Bouquillon}, S. and {Bourda}, G. and {Bragaglia}, A. and
         {Bramante}, L. and {Breddels}, M.~A. and {Bressan}, A. and
         {Brouillet}, N. and {Br{\"u}semeister}, T. and {Brugaletta}, E. and
         {Bucciarelli}, B. and {Burlacu}, A. and {Busonero}, D. and
         {Butkevich}, A.~G. and {Buzzi}, R. and {Caffau}, E. and
         {Cancelliere}, R. and {Cannizzaro}, G. and {Cantat-Gaudin}, T. and
         {Carballo}, R. and {Carlucci}, T. and {Carrasco}, J.~M. and
         {Casamiquela}, L. and {Castellani}, M. and {Castro-Ginard}, A. and
         {Charlot}, P. and {Chemin}, L. and {Chiavassa}, A. and {Cocozza}, G. and
         {Costigan}, G. and {Cowell}, S. and {Crifo}, F. and {Crosta}, M. and
         {Crowley}, C. and {Cuypers}, J. and {Dafonte}, C. and {Damerdji}, Y. and
         {Dapergolas}, A. and {David}, P. and {David}, M. and {de Laverny}, P. and
         {De Luise}, F. and {De March}, R. and {de Martino}, D. and
         {de Souza}, R. and {de Torres}, A. and {Debosscher}, J. and
         {del Pozo}, E. and {Delbo}, M. and {Delgado}, A. and {Delgado}, H.~E. and
         {Di Matteo}, P. and {Diakite}, S. and {Diener}, C. and {Distefano}, E. and
         {Dolding}, C. and {Drazinos}, P. and {Dur{\'a}n}, J. and
         {Edvardsson}, B. and {Enke}, H. and {Eriksson}, K. and {Esquej}, P. and
         {Eynard Bontemps}, G. and {Fabre}, C. and {Fabrizio}, M. and
         {Faigler}, S. and {Falc{\~a}o}, A.~J. and {Farr{\`a}s Casas}, M. and
         {Federici}, L. and {Fedorets}, G. and {Fernique}, P. and
         {Figueras}, F. and {Filippi}, F. and {Findeisen}, K. and {Fonti}, A. and
         {Fraile}, E. and {Fraser}, M. and {Fr{\'e}zouls}, B. and {Gai}, M. and
         {Galleti}, S. and {Garabato}, D. and {Garc{\'\i}a-Sedano}, F. and
         {Garofalo}, A. and {Garralda}, N. and {Gavel}, A. and {Gavras}, P. and
         {Gerssen}, J. and {Geyer}, R. and {Giacobbe}, P. and {Gilmore}, G. and
         {Girona}, S. and {Giuffrida}, G. and {Glass}, F. and {Gomes}, M. and
         {Granvik}, M. and {Gueguen}, A. and {Guerrier}, A. and {Guiraud}, J. and
         {Guti{\'e}rrez-S{\'a}nchez}, R. and {Haigron}, R. and
         {Hatzidimitriou}, D. and {Hauser}, M. and {Haywood}, M. and
         {Heiter}, U. and {Helmi}, A. and {Heu}, J. and {Hilger}, T. and
         {Hobbs}, D. and {Hofmann}, W. and {Holland}, G. and {Huckle}, H.~E. and
         {Hypki}, A. and {Icardi}, V. and {Jan{\ss}en}, K. and
         {Jevardat de Fombelle}, G. and {Jonker}, P.~G. and
         {Juh{\'a}sz}, {\'A}. L. and {Julbe}, F. and {Karampelas}, A. and
         {Kewley}, A. and {Klar}, J. and {Kochoska}, A. and {Kohley}, R. and
         {Kolenberg}, K. and {Kontizas}, M. and {Kontizas}, E. and
         {Koposov}, S.~E. and {Kordopatis}, G. and {Kostrzewa-Rutkowska}, Z. and
         {Koubsky}, P. and {Lambert}, S. and {Lanza}, A.~F. and {Lasne}, Y. and
         {Lavigne}, J. -B. and {Le Fustec}, Y. and {Le Poncin-Lafitte}, C. and
         {Lebreton}, Y. and {Leccia}, S. and {Leclerc}, N. and
         {Lecoeur-Taibi}, I. and {Lenhardt}, H. and {Leroux}, F. and {Liao}, S. and
         {Licata}, E. and {Lindstr{\o}m}, H.~E.~P. and {Lister}, T.~A. and
         {Livanou}, E. and {Lobel}, A. and {L{\'o}pez}, M. and {Managau}, S. and
         {Mann}, R.~G. and {Mantelet}, G. and {Marchal}, O. and
         {Marchant}, J.~M. and {Marconi}, M. and {Marinoni}, S. and
         {Marschalk{\'o}}, G. and {Marshall}, D.~J. and {Martino}, M. and
         {Marton}, G. and {Mary}, N. and {Massari}, D. and
         {Matijevi{\v{c}}}, G. and {Mazeh}, T. and {McMillan}, P.~J. and
         {Messina}, S. and {Michalik}, D. and {Millar}, N.~R. and {Molina}, D. and
         {Molinaro}, R. and {Moln{\'a}r}, L. and {Montegriffo}, P. and
         {Mor}, R. and {Morbidelli}, R. and {Morel}, T. and {Morris}, D. and
         {Mulone}, A.~F. and {Muraveva}, T. and {Musella}, I. and
         {Nelemans}, G. and {Nicastro}, L. and {Noval}, L. and {O'Mullane}, W. and
         {Ord{\'e}novic}, C. and {Ord{\'o}{\~n}ez-Blanco}, D. and {Osborne}, P. and
         {Pagani}, C. and {Pagano}, I. and {Pailler}, F. and {Palacin}, H. and
         {Palaversa}, L. and {Panahi}, A. and {Pawlak}, M. and
         {Piersimoni}, A.~M. and {Pineau}, F. -X. and {Plachy}, E. and
         {Plum}, G. and {Poggio}, E. and {Poujoulet}, E. and {Pr{\v{s}}a}, A. and
         {Pulone}, L. and {Racero}, E. and {Ragaini}, S. and {Rambaux}, N. and
         {Ramos-Lerate}, M. and {Regibo}, S. and {Reyl{\'e}}, C. and
         {Riclet}, F. and {Ripepi}, V. and {Riva}, A. and {Rivard}, A. and
         {Rixon}, G. and {Roegiers}, T. and {Roelens}, M. and
         {Romero-G{\'o}mez}, M. and {Rowell}, N. and {Royer}, F. and
         {Ruiz-Dern}, L. and {Sadowski}, G. and {Sagrist{\`a} Sell{\'e}s}, T. and
         {Sahlmann}, J. and {Salgado}, J. and {Salguero}, E. and {Sanna}, N. and
         {Santana-Ros}, T. and {Sarasso}, M. and {Savietto}, H. and
         {Schultheis}, M. and {Sciacca}, E. and {Segol}, M. and
         {Segovia}, J.~C. and {S{\'e}gransan}, D. and {Shih}, I. -C. and
         {Siltala}, L. and {Silva}, A.~F. and {Smart}, R.~L. and {Smith}, K.~W. and
         {Solano}, E. and {Solitro}, F. and {Sordo}, R. and {Soria Nieto}, S. and
         {Souchay}, J. and {Spagna}, A. and {Spoto}, F. and {Stampa}, U. and
         {Steele}, I.~A. and {Steidelm{\"u}ller}, H. and {Stephenson}, C.~A. and
         {Stoev}, H. and {Suess}, F.~F. and {Surdej}, J. and {Szabados}, L. and
         {Szegedi-Elek}, E. and {Tapiador}, D. and {Taris}, F. and {Tauran}, G. and
         {Taylor}, M.~B. and {Teixeira}, R. and {Terrett}, D. and {Teyssand
        ier}, P. and {Thuillot}, W. and {Titarenko}, A. and {Torra Clotet}, F. and
         {Turon}, C. and {Ulla}, A. and {Utrilla}, E. and {Uzzi}, S. and
         {Vaillant}, M. and {Valentini}, G. and {Valette}, V. and
         {van Elteren}, A. and {Van Hemelryck}, E. and {van Leeuwen}, M. and
         {Vaschetto}, M. and {Vecchiato}, A. and {Veljanoski}, J. and
         {Viala}, Y. and {Vicente}, D. and {Vogt}, S. and {von Essen}, C. and
         {Voss}, H. and {Votruba}, V. and {Voutsinas}, S. and {Walmsley}, G. and
         {Weiler}, M. and {Wertz}, O. and {Wevers}, T. and {Wyrzykowski}, {\L}. and
         {Yoldas}, A. and {{\v{Z}}erjal}, M. and {Ziaeepour}, H. and
         {Zorec}, J. and {Zschocke}, S. and {Zucker}, S. and {Zurbach}, C. and
         {Zwitter}, T.},
        title = "{Gaia Data Release 2. Summary of the contents and survey properties}",
      journal = {\aap},
     keywords = {catalogs, astrometry, techniques: radial velocities, stars: fundamental parameters, stars: variables: general, minor planets, asteroids: general, Astrophysics - Astrophysics of Galaxies, Astrophysics - Instrumentation and Methods for Astrophysics},
         year = "2018",
        month = "Aug",
       volume = {616},
          eid = {A1},
        pages = {A1},
          doi = {10.1051/0004-6361/201833051},
archivePrefix = {arXiv},
       eprint = {1804.09365},
 primaryClass = {astro-ph.GA},
       adsurl = {https://ui.adsabs.harvard.edu/\#abs/2018A&A...616A...1G},
      adsnote = {Provided by the SAO/NASA Astrophysics Data System}
}



@Article{songaila1998, 
author = {{Songaila}, A.},
    title = "{The Redshift Evolution of the Metagalactic Ionizing Flux Inferred from Metal Line Ratios in the Lyman Forest}",
  journal = {\aj},
   eprint = {astro-ph/9803010},
 keywords = {COSMOLOGY: EARLY UNIVERSE, GALAXIES: FORMATION, GALAXIES: INTERGALACTIC MEDIUM, GALAXIES: QUASARS: ABSORPTION LINES},
     year = 1998,
    month = jun,
   volume = 115,
    pages = {2184-2205},
      doi = {10.1086/300387},
   adsurl = {http://adsabs.harvard.edu/abs/1998AJ....115.2184S},
  adsnote = {Provided by the SAO/NASA Astrophysics Data System}
}

@Article{dodorico2013, 
author = {{D'Odorico}, V. and {Cupani}, G. and {Cristiani}, S. and {Maiolino}, R. and 
  {Molaro}, P. and {Nonino}, M. and {Centuri{\'o}n}, M. and {Cimatti}, A. and 
  {di Serego Alighieri}, S. and {Fiore}, F. and {Fontana}, A. and 
  {Gallerani}, S. and {Giallongo}, E. and {Mannucci}, F. and {Marconi}, A. and 
  {Pentericci}, L. and {Viel}, M. and {Vladilo}, G.},
    title = "{Metals in the IGM approaching the re-ionization epoch: results from X-shooter at the VLT}",
  journal = {\mnras},
archivePrefix = "arXiv",
   eprint = {1306.4604},
 keywords = {galaxies: abundances, intergalactic medium, quasars: absorption lines, cosmology: observations},
     year = 2013,
    month = oct,
   volume = 435,
    pages = {1198-1232},
      doi = {10.1093/mnras/stt1365},
   adsurl = {http://adsabs.harvard.edu/abs/2013MNRAS.435.1198D},
  adsnote = {Provided by the SAO/NASA Astrophysics Data System}
}

@Article{morais2017, 
author = {{Morais}, S.~G. and {Humphrey}, A. and {Villar-Mart{\'{\i}}n}, M. and 
  {Lagos}, P. and {Moyano}, M. and {Overzier}, R. and {di Serego Alighieri}, S. and 
  {Vernet}, J. and {Fernandes}, C.~A.~C.},
    title = "{Ionization and feedback in Ly{$\alpha$} haloes around two radio galaxies at z {\sim} 2.5}",
  journal = {\mnras},
 keywords = {galaxies: active, galaxies: high-redshift, galaxies: individual: TXS 0211-122, galaxies: individual: TXS 0828+193},
     year = 2017,
    month = mar,
   volume = 465,
    pages = {2698-2713},
      doi = {10.1093/mnras/stw2926},
   adsurl = {http://adsabs.harvard.edu/abs/2017MNRAS.465.2698M},
  adsnote = {Provided by the SAO/NASA Astrophysics Data System}
}

@ARTICLE{matsuoka2009,
       author = {{Matsuoka}, K. and {Nagao}, T. and {Maiolino}, R. and {Marconi}, A. and
        {Taniguchi}, Y.},
        title = "{Chemical evolution of high-redshift radio galaxies}",
      journal = {\aap},
     keywords = {galaxies: active, galaxies: evolution, galaxies: nuclei, quasars:
        emission lines, quasars: general, Astrophysics - Cosmology and
        Nongalactic Astrophysics},
         year = 2009,
        month = Sep,
       volume = {503},
        pages = {721-730},
          doi = {10.1051/0004-6361/200811478},
archivePrefix = {arXiv},
       eprint = {0905.1581},
       adsurl = {https://ui.adsabs.harvard.edu/#abs/2009A&A...503..721M},
      adsnote = {Provided by the SAO/NASA Astrophysics Data System}
}


@INPROCEEDINGS{sturm1999,
   author = {{Sturm}, E. and {de Alexander}, T. and {Lutz}, D. and {Sternberg}, A. and 
  {Netzer}, H. and {Genzel}, R.},
    title = "{ISO spectroscopy of NGC 4151}",
 keywords = {ACTIVE GALAXIES},
booktitle = {The Universe as Seen by ISO},
     year = 1999,
   series = {ESA Special Publication},
   volume = 427,
   editor = {{Cox}, P. and {Kessler}, M.},
    month = mar,
    pages = {977},
   adsurl = {http://adsabs.harvard.edu/abs/1999ESASP.427..977S},
  adsnote = {Provided by the SAO/NASA Astrophysics Data System}
}

@ARTICLE{heckman1981,
       author = {{Heckman}, T.~M. and {Miley}, G.~K. and {van Breugel}, W.~J.~M. and
        {Butcher}, H.~R.},
        title = "{Emission-line profiles and kinematics of the narrow-line region in
        Seyfert and radio galaxies.}",
      journal = {\apj},
     keywords = {Emission Spectra, Galactic Nuclei, Radio Galaxies, Seyfert Galaxies,
        Spectral Line Width, Cosmic Dust, Cosmic Plasma, Gas Ionization,
        H Lines, Interstellar Gas, Line Spectra, Luminosity, Oxygen,
        Relativistic Plasmas, Thermal Plasmas, Velocity Distribution,
        Astronomy},
         year = 1981,
        month = Jul,
       volume = {247},
        pages = {403-418},
          doi = {10.1086/159050},
       adsurl = {https://ui.adsabs.harvard.edu/#abs/1981ApJ...247..403H},
      adsnote = {Provided by the SAO/NASA Astrophysics Data System}
}

@ARTICLE{deRobertisShaw1990,
   author = {{De Robertis}, M.~M. and {Shaw}, R.~A.},
    title = "{Line profiles and the kinematics of the narrow-line region in Seyfert galaxies}",
  journal = {\apj},
 keywords = {Kinematics, Line Spectra, Narrowband, Seyfert Galaxies, Absorption Spectra, Charge Coupled Devices, Emission Spectra, Signal To Noise Ratios, Spectral Line Width},
     year = 1990,
    month = jan,
   volume = 348,
    pages = {421-433},
      doi = {10.1086/168251},
   adsurl = {http://adsabs.harvard.edu/abs/1990ApJ...348..421D},
  adsnote = {Provided by the SAO/NASA Astrophysics Data System}
}

@ARTICLE{Ferland2017,
       author = {{Ferland}, G.~J. and {Chatzikos}, M. and {Guzm{\'a}n}, F. and {Lykins},
        M.~L. and {van Hoof}, P.~A.~M. and {Williams}, R.~J.~R. and
        {Abel}, N.~P. and {Badnell}, N.~R. and {Keenan}, F.~P. and
        {Porter}, R.~L. and {Stancil}, P.~C.},
        title = "{The 2017 Release Cloudy}",
      journal = {\rmxaa},
     keywords = {atomic processes, galaxies: active, methods: numerical, molecular
        processes, radiation mechanisms: general, Astrophysics -
        Astrophysics of Galaxies},
         year = 2017,
        month = Oct,
       volume = {53},
        pages = {385-438},
 primaryClass = {astro-ph.GA},
       adsurl = {https://ui.adsabs.harvard.edu/#abs/2017RMxAA..53..385F},
      adsnote = {Provided by the SAO/NASA Astrophysics Data System}
}

@ARTICLE{leitherer2010,
       author = {{Leitherer}, Claus and {Ortiz Ot{\'a}lvaro}, Paula A. and {Bresolin},
        Fabio and {Kudritzki}, Rolf-Peter and {Lo Faro}, Barbara and
        {Pauldrach}, Adalbert W.~A. and {Pettini}, Max and {Rix},
        Samantha A.},
        title = "{A Library of Theoretical Ultraviolet Spectra of Massive, Hot Stars for
        Evolutionary Synthesis}",
      journal = {The Astrophysical Journal Supplement Series},
     keywords = {galaxies: abundances, galaxies: high-redshift, galaxies: stellar
        content, hydrodynamics, line: profiles, stars: early-type,
        stars: mass-loss, ultraviolet: stars, Astrophysics - Solar and
        Stellar Astrophysics, Astrophysics - Cosmology and Nongalactic
        Astrophysics},
         year = 2010,
        month = Aug,
       volume = {189},
        pages = {309-335},
          doi = {10.1088/0067-0049/189/2/309},
archivePrefix = {arXiv},
       eprint = {1006.5624},
 primaryClass = {astro-ph.SR},
       adsurl = {https://ui.adsabs.harvard.edu/#abs/2010ApJS..189..309L},
      adsnote = {Provided by the SAO/NASA Astrophysics Data System}
}

@ARTICLE{VanBreugelDey1993,
       author = {{van Breugel}, Wil J.~M. and {Dey}, Arjun},
        title = "{Induced Star Formation in a Radio Lobe of 3C 285?}",
      journal = {\apj},
     keywords = {H Ii Regions, Radio Galaxies, Star Formation, Astronomical Spectroscopy,
        Intergalactic Media, Interstellar Matter, Polarized Light, Radio
        Jets (Astronomy), Red Shift, Astrophysics, RADIO CONTINUUM:
        GALAXIES, GALAXIES: INDIVIDUAL ALPHANUMERIC: 3C 285, STARS:
        FORMATION},
         year = 1993,
        month = Sep,
       volume = {414},
        pages = {563},
          doi = {10.1086/173103},
       adsurl = {https://ui.adsabs.harvard.edu/#abs/1993ApJ...414..563V},
      adsnote = {Provided by the SAO/NASA Astrophysics Data System}
}

@ARTICLE{vanbreugel1985,
       author = {{van Breugel}, W. and {Filippenko}, A.~V. and {Heckman}, T. and {Miley},
        G.},
        title = "{Minkowski's object : a starburst triggered by a radio jet.}",
      journal = {\apj},
     keywords = {Radio Galaxies, Radio Jets (Astronomy), Starburst Galaxies, Stellar
        Evolution, Astronomical Maps, Astronomical Spectroscopy,
        Elliptical Galaxies, Galactic Clusters, H Ii Regions, Minkowski
        Space, Radio Emission, Visible Spectrum, Astrophysics},
         year = 1985,
        month = Jun,
       volume = {293},
        pages = {83-93},
          doi = {10.1086/163216},
       adsurl = {https://ui.adsabs.harvard.edu/#abs/1985ApJ...293...83V},
      adsnote = {Provided by the SAO/NASA Astrophysics Data System}
}

@INPROCEEDINGS{Roettgering1999,
   author = {{R{\"o}ttgering}, H. and {de Bruyn}, G. and {Pentericci}, L.
  },
    title = "{HI and high redshift radio galaxies}",
booktitle = {The Most Distant Radio Galaxies},
     year = 1999,
   editor = {{R{\"o}ttgering}, H.~J.~A. and {Best}, P.~N. and {Lehnert}, M.~D.
  },
    pages = {113},
   adsurl = {http://adsabs.harvard.edu/abs/1999mdrg.conf..113R},
  adsnote = {Provided by the SAO/NASA Astrophysics Data System}
}

@book{deBruyn1996, 
author="De Bruyn, A.G.", 
chapter="HI at High Redshift", 
year="1996",
publisher="Astrophysics and Space Science Library", 
volume="206", 
title="Cold Gas at High Redshift", 
pages="171-+"
}


@ARTICLE{dey1997,
       author = {{Dey}, Arjun and {van Breugel}, Wil and {Vacca}, William D. and
        {Antonucci}, Robert},
        title = "{Triggered Star Formation in a Massive Galaxy at z = 3.8: 4C 41.17}",
      journal = {\apj},
     keywords = {Galaxies: Active, Galaxies: Evolution, Galaxies: Formation, Galaxies:
        Individual: Alphanumeric: 4C 41.17, Galaxies: Stellar Content,
        Astrophysics},
         year = 1997,
        month = Dec,
       volume = {490},
        pages = {698-709},
          doi = {10.1086/304911},
archivePrefix = {arXiv},
       eprint = {astro-ph/9707166},
 primaryClass = {astro-ph},
       adsurl = {https://ui.adsabs.harvard.edu/#abs/1997ApJ...490..698D},
      adsnote = {Provided by the SAO/NASA Astrophysics Data System}
}

@ARTICLE{nesvadba2017a,
       author = {{Nesvadba}, N.~P.~H. and {De Breuck}, C. and {Lehnert}, M.~D. and
        {Best}, P.~N. and {Collet}, C.},
        title = "{The SINFONI survey of powerful radio galaxies at z 2: Jet-driven AGN
        feedback during the Quasar Era}",
      journal = {\aap},
     keywords = {galaxies: active, galaxies: evolution, galaxies: formation, galaxies:
        high-redshift, galaxies: jets, Astrophysics - Astrophysics of
        Galaxies},
         year = 2017,
        month = Mar,
       volume = {599},
          eid = {A123},
        pages = {A123},
          doi = {10.1051/0004-6361/201528040},
 primaryClass = {astro-ph.GA},
       adsurl = {https://ui.adsabs.harvard.edu/#abs/2017A&A...599A.123N},
      adsnote = {Provided by the SAO/NASA Astrophysics Data System}
}

@ARTICLE{nesvadba2017b,
       author = {{Nesvadba}, N.~P.~H. and {Drouart}, G. and {De Breuck}, C. and {Best},
        P. and {Seymour}, N. and {Vernet}, J.},
        title = "{Gas kinematics in powerful radio galaxies at z   2: Energy supply from star formation, AGN, and radio jets{\ensuremath{\star}}}",
      journal = {\aap},
     keywords = {galaxies: kinematics and dynamics, galaxies: high-redshift, galaxies: active, galaxies: jets, quasars: general, galaxies: star formation, Astrophysics - Astrophysics of Galaxies},
         year = 2017,
        month = Apr,
       volume = {600},
          eid = {A121},
        pages = {A121},
          doi = {10.1051/0004-6361/201629357},
archivePrefix = {arXiv},
       eprint = {1610.01627},
 primaryClass = {astro-ph.GA},
       adsurl = {https://ui.adsabs.harvard.edu/\#abs/2017A&A...600A.121N},
      adsnote = {Provided by the SAO/NASA Astrophysics Data System}
}

@ARTICLE{vernet2017,
       author = {{Vernet}, J. and {Lehnert}, M.~D. and {De Breuck}, C. and {Villar-
        Mart{\'\i}n}, M. and {Wylezalek}, D. and {Falkendal}, T. and
        {Drouart}, G. and {Kolwa}, S. and {Humphrey}, A. and {Venemans},
        B.~P. and {Boulanger}, F.},
        title = "{Are we seeing accretion flows in a 250 kpc Ly{\ensuremath{\alpha}} halo
        at z = 3?}",
      journal = {\aap},
     keywords = {galaxies: evolution, galaxies: high-redshift, galaxies: active,
        galaxies: ISM, galaxies: halos, Astrophysics - Astrophysics of
        Galaxies},
         year = 2017,
        month = Jun,
       volume = {602},
          eid = {L6},
        pages = {L6},
          doi = {10.1051/0004-6361/201730865},
 primaryClass = {astro-ph.GA},
       adsurl = {https://ui.adsabs.harvard.edu/#abs/2017A&A...602L...6V},
      adsnote = {Provided by the SAO/NASA Astrophysics Data System}
}

@ARTICLE{vanojik1996,
       author = {{van Ojik}, R. and {Roettgering}, H.~J.~A. and {Carilli}, C.~L. and
        {Miley}, G.~K. and {Bremer}, M.~N. and {Macchetto}, F.},
        title = "{A powerful radio galaxy at z=3.6 in a giant rotating Lyman
        {\ensuremath{\alpha}} halo.}",
      journal = {\aap},
     keywords = {GALAXIES: ACTIVE, GALAXIES: INDIVIDUAL: 1243+036, RADIO CONTINUUM:
        GALAXIES:, GALAXIES: KINEMATICS AND DYNAMICS, COSMOLOGY:
        OBSERVATIONS, Astrophysics},
         year = 1996,
        month = Sep,
       volume = {313},
        pages = {25-44},
archivePrefix = {arXiv},
       eprint = {astro-ph/9608099},
 primaryClass = {astro-ph},
       adsurl = {https://ui.adsabs.harvard.edu/#abs/1996A&A...313...25V},
      adsnote = {Provided by the SAO/NASA Astrophysics Data System}
}

@ARTICLE{cresci2015,
       author = {{Cresci}, G. and {Mainieri}, V. and {Brusa}, M. and {Marconi}, A. and
        {Perna}, M. and {Mannucci}, F. and {Piconcelli}, E. and
        {Maiolino}, R. and {Feruglio}, C. and {Fiore}, F. and
        {Bongiorno}, A. and {Lanzuisi}, G. and {Merloni}, A. and
        {Schramm}, M. and {Silverman}, J.~D. and {Civano}, F.},
        title = "{Blowin' in the Wind: Both ''Negative'' and ''Positive'' Feedback in an
        Obscured High-z Quasar}",
      journal = {\apj},
     keywords = {galaxies: active, galaxies: evolution, ISM: jets and outflows,
        techniques: imaging spectroscopy, Astrophysics - Astrophysics of
        Galaxies, Astrophysics - Cosmology and Nongalactic Astrophysics},
         year = 2015,
        month = Jan,
       volume = {799},
          eid = {82},
        pages = {82},
          doi = {10.1088/0004-637X/799/1/82},
archivePrefix = {arXiv},
       eprint = {1411.4208},
 primaryClass = {astro-ph.GA},
       adsurl = {https://ui.adsabs.harvard.edu/#abs/2015ApJ...799...82C},
      adsnote = {Provided by the SAO/NASA Astrophysics Data System}
}

@ARTICLE{feltre2016,
   author = {{Feltre}, A. and {Charlot}, S. and {Gutkin}, J.},
    title = "{Nuclear activity versus star formation: emission-line diagnostics at ultraviolet and optical wavelengths}",
  journal = {\mnras},
archivePrefix = "arXiv",
   eprint = {1511.08217},
 keywords = {galaxies: active, galaxies: high-redshift, quasars: emission lines, galaxies: star formation, ultraviolet: galaxies},
     year = 2016,
    month = mar,
   volume = 456,
    pages = {3354-3374},
      doi = {10.1093/mnras/stv2794},
   adsurl = {http://adsabs.harvard.edu/abs/2016MNRAS.456.3354F},
  adsnote = {Provided by the SAO/NASA Astrophysics Data System}
}

@ARTICLE{humphrey2018,
       author = {{Humphrey}, A. and {Villar-Mart{\'\i}n}, M. and {Binette}, L. and {Raj},
        R.},
        title = "{Photoionization models for extreme Ly\$\textbackslashalpha\$
        \$\textbackslashlambda\$1216 and HeII
        \$\textbackslashlambda\$1640 ratios in quasar halos, and PopIII
        vs AGN diagnostics}",
      journal = {ArXiv e-prints},
     keywords = {Astrophysics - Astrophysics of Galaxies},
         year = 2018,
        month = Oct,
          eid = {arXiv:1810.04463},
        pages = {arXiv:1810.04463},
archivePrefix = {arXiv},
       eprint = {1810.04463},
 primaryClass = {astro-ph.GA},
       adsurl = {https://ui.adsabs.harvard.edu/#abs/2018arXiv181004463H},
      adsnote = {Provided by the SAO/NASA Astrophysics Data System}
}

@ARTICLE{villar-martin1997,
   author = {{Villar-Martin}, M. and {Tadhunter}, C. and {Clark}, N.},
    title = "{The ionization mechanism of the extended gas in high redshift radio galaxies: shocks or AGN photoionization?}",
  journal = {\aap},
   eprint = {astro-ph/9701016},
 keywords = {GALAXIES: ACTIVE, GALAXIES: JETS, GALAXIES: ISM, ULTRAVIOLET: GALAXIES},
     year = 1997,
    month = jul,
   volume = 323,
    pages = {21-30},
   adsurl = {http://adsabs.harvard.edu/abs/1997A%26A...323...21V},
  adsnote = {Provided by the SAO/NASA Astrophysics Data System}
}

@ARTICLE{silva2018a,
   author = {{Silva}, M. and {Humphrey}, A. and {Lagos}, P. and {Guimar{\~a}es}, R. and 
  {Scott}, T. and {Papaderos}, P. and {Morais}, S.~G.},
    title = "{Detection of large-scale Ly {$\alpha$} absorbers at large angles to the radio axis of high-redshift radio galaxies using SOAR}",
  journal = {\mnras},
archivePrefix = "arXiv",
   eprint = {1809.03340},
 keywords = {galaxies: active, galaxies: evolution, galaxies: high-redshift, galaxies: ISM, quasars: absorption lines, quasars: emission lines},
     year = 2018,
    month = nov,
   volume = 481,
    pages = {1401-1415},
      doi = {10.1093/mnras/sty2351},
   adsurl = {http://adsabs.harvard.edu/abs/2018MNRAS.481.1401S},
  adsnote = {Provided by the SAO/NASA Astrophysics Data System}
}

@ARTICLE{humphrey2008b,
   author = {{Humphrey}, A. and {Villar-Mart{\'{\i}}n}, M. and {S{\'a}nchez}, S.~F. and 
  {di Serego Alighieri}, S. and {De Breuck}, C. and {Binette}, L. and 
  {Tadhunter}, C. and {Vernet}, J. and {Fosbury}, R. and {Stasielak}, J.
  },
    title = "{Spatially extended absorption around the z = 2.63 radio galaxy MRC 2025-218: outflow or infall?}",
  journal = {\mnras},
archivePrefix = "arXiv",
   eprint = {0809.1267},
 keywords = {galaxies: active , galaxies: evolution , galaxies: individual: MRC 2025-218},
     year = 2008,
    month = nov,
   volume = 390,
    pages = {1505-1516},
      doi = {10.1111/j.1365-2966.2008.13826.x},
   adsurl = {http://adsabs.harvard.edu/abs/2008MNRAS.390.1505H},
  adsnote = {Provided by the SAO/NASA Astrophysics Data System}
}


@ARTICLE{nesvadba2008,
   author = {{Nesvadba}, N.~P.~H. and {Lehnert}, M.~D. and {De Breuck}, C. and 
  {Gilbert}, A.~M. and {van Breugel}, W.},
    title = "{Evidence for powerful AGN winds at high redshift: dynamics of galactic outflows in radio galaxies during the ``Quasar Era''}",
  journal = {\aap},
archivePrefix = "arXiv",
   eprint = {0809.5171},
 keywords = {galaxies: high-redshift, galaxies: formation, galaxies: jets, infrared: galaxies, galaxies: kinematics and dynamics},
     year = 2008,
    month = nov,
   volume = 491,
    pages = {407-424},
      doi = {10.1051/0004-6361:200810346},
   adsurl = {http://adsabs.harvard.edu/abs/2008A%26A...491..407N},
  adsnote = {Provided by the SAO/NASA Astrophysics Data System}
}


@ARTICLE{BarkanaLoeb2003,
   author = {{Barkana}, R. and {Loeb}, A.},
    title = "{Spectral signature of cosmological infall of gas around the first quasars}",
  journal = {\nat},
   eprint = {astro-ph/0209515},
     year = 2003,
    month = jan,
   volume = 421,
    pages = {341-343},
      doi = {10.1038/nature01330},
   adsurl = {http://adsabs.harvard.edu/abs/2003Natur.421..341B},
  adsnote = {Provided by the SAO/NASA Astrophysics Data System}
}

@ARTICLE{arrigoni-battaia2018,
       author = {{Arrigoni Battaia}, Fabrizio and {Prochaska}, J. Xavier and {Hennawi},
        Joseph F. and {Obreja}, Aura and {Buck}, Tobias and {Cantalupo},
        Sebastiano and {Dutton}, Aaron A. and {Macci{\`o}}, Andrea V.},
        title = "{Inspiraling halo accretion mapped in Ly {\ensuremath{\alpha}} emission
        around a z ̃ 3 quasar}",
      journal = {\mnras},
     keywords = {galaxies: haloes, galaxies: high-redshift, intergalactic medium,
        quasars: emission lines, quasars: general, cosmology:
        observations, Astrophysics - Astrophysics of Galaxies,
        Astrophysics - Cosmology and Nongalactic Astrophysics},
         year = 2018,
        month = Jan,
       volume = {473},
        pages = {3907-3940},
          doi = {10.1093/mnras/stx2465},
 primaryClass = {astro-ph.GA},
       adsurl = {https://ui.adsabs.harvard.edu/#abs/2018MNRAS.473.3907A},
      adsnote = {Provided by the SAO/NASA Astrophysics Data System}
}

@ARTICLE{arrigoni-battaia2019,
       author = {{Arrigoni Battaia}, Fabrizio and {Hennawi}, Joseph F. and {Prochaska},
        J. Xavier and {O{\~n}orbe}, Jose and {Farina}, Emanuele P. and
        {Cantalupo}, Sebastiano and {Lusso}, Elisabeta},
        title = "{QSO MUSEUM I: a sample of 61 extended Ly {\ensuremath{\alpha}}-emission
        nebulae surrounding z ̃ 3 quasars}",
      journal = {\mnras},
     keywords = {galaxies: haloes, galaxies: high-redshift, intergalactic medium,
        quasars: emission lines, quasars: general, cosmology:
        observations, Astrophysics - Astrophysics of Galaxies},
         year = 2019,
        month = Jan,
       volume = {482},
        pages = {3162-3205},
          doi = {10.1093/mnras/sty2827},
archivePrefix = {arXiv},
       eprint = {1808.10857},
 primaryClass = {astro-ph.GA},
       adsurl = {https://ui.adsabs.harvard.edu/\#abs/2019MNRAS.482.3162A},
      adsnote = {Provided by the SAO/NASA Astrophysics Data System}
}

@ARTICLE{bischetti2017,
       author = {{Bischetti}, M. and {Piconcelli}, E. and {Vietri}, G. and {Bongiorno},
        A. and {Fiore}, F. and {Sani}, E. and {Marconi}, A. and {Duras},
        F. and {Zappacosta}, L. and {Brusa}, M. and {Comastri}, A. and
        {Cresci}, G. and {Feruglio}, C. and {Giallongo}, E. and {La
        Franca}, F. and {Mainieri}, V. and {Mannucci}, F. and
        {Martocchia}, S. and {Ricci}, F. and {Schneider}, R. and
        {Testa}, V. and {Vignali}, C.},
        title = "{The WISSH quasars project. I. Powerful ionised outflows in hyper-
        luminous quasars}",
      journal = {\aap},
     keywords = {galaxies: active, galaxies: nuclei, quasars: emission lines, quasars:
        general, quasars: supermassive black holes, techniques: imaging
        spectroscopy, Astrophysics - Astrophysics of Galaxies},
         year = 2017,
        month = Feb,
       volume = {598},
          eid = {A122},
        pages = {A122},
          doi = {10.1051/0004-6361/201629301},
archivePrefix = {arXiv},
       eprint = {1612.03728},
 primaryClass = {astro-ph.GA},
       adsurl = {https://ui.adsabs.harvard.edu/\#abs/2017A&A...598A.122B},
      adsnote = {Provided by the SAO/NASA Astrophysics Data System}
}

@ARTICLE{peroux2004,
       author = {{P{\'e}roux}, C. and {Petitjean}, P. and {Aracil}, B. and {Irwin}, M.
        and {McMahon}, R.~G.},
        title = "{C IV absorbers in z \&gt;4 quasars: Tracing early galactic halos
        evolution}",
      journal = {\aap},
     keywords = {cosmology: observations, galaxies: evolution, galaxies: quasars:
        absorption lines, galaxies: halos, galaxies: high-redshift,
        Astrophysics},
         year = 2004,
        month = Apr,
       volume = {417},
        pages = {443-450},
          doi = {10.1051/0004-6361:20034213},
archivePrefix = {arXiv},
       eprint = {astro-ph/0312412},
 primaryClass = {astro-ph},
       adsurl = {https://ui.adsabs.harvard.edu/#abs/2004A&A...417..443P},
      adsnote = {Provided by the SAO/NASA Astrophysics Data System}
}

@ARTICLE{bechtold2001,
       author = {{Bechtold}, Jill},
        title = "{Quasar Absorption Lines}",
      journal = {ArXiv e-prints},
     keywords = {Astrophysics},
         year = 2001,
        month = Dec,
          eid = {astro-ph/0112521},
        pages = {astro-ph/0112521},
archivePrefix = {arXiv},
       eprint = {astro-ph/0112521},
 primaryClass = {astro-ph},
       adsurl = {https://ui.adsabs.harvard.edu/#abs/2001astro.ph.12521B},
      adsnote = {Provided by the SAO/NASA Astrophysics Data System}
}

@ARTICLE{barnes2014,
       author = {{Barnes}, Luke A. and {Garel}, Thibault and {Kacprzak}, Glenn G.},
        title = "{Ly-{\ensuremath{\alpha}} and Mg II as Probes of Galaxies and Their
        Environment}",
      journal = {Publications of the Astronomical Society of the Pacific},
     keywords = {Astrophysics - Astrophysics of Galaxies},
         year = 2014,
        month = Nov,
       volume = {126},
        pages = {969},
          doi = {10.1086/679178},
archivePrefix = {arXiv},
       eprint = {1409.6320},
 primaryClass = {astro-ph.GA},
       adsurl = {https://ui.adsabs.harvard.edu/\#abs/2014PASP..126..969B},
      adsnote = {Provided by the SAO/NASA Astrophysics Data System}
}

@ARTICLE{debreuck1999,
       author = {{De Breuck}, Carlos and {van Breugel}, Wil and {Minniti}, Dante and
        {Miley}, George and {R{\"o}ttgering}, Huub and {Stanford}, S.~A.
        and {Carilli}, Chris},
        title = "{VLT spectroscopy of the z=4.11 Radio Galaxy TN J1338-1942}",
      journal = {\aap},
     keywords = {GALAXIES: ACTIVE, GALAXIES: INDIVIDUAL: TN J1338-1942, COSMOLOGY:
        OBSERVATIONS, Astrophysics},
         year = 1999,
        month = Dec,
       volume = {352},
        pages = {L51-L56},
archivePrefix = {arXiv},
       eprint = {astro-ph/9909178},
 primaryClass = {astro-ph},
       adsurl = {https://ui.adsabs.harvard.edu/\#abs/1999A&A...352L..51D},
      adsnote = {Provided by the SAO/NASA Astrophysics Data System}
}

@ARTICLE{archibald2001,
       author = {{Archibald}, E.~N. and {Dunlop}, J.~S. and {Hughes}, D.~H. and
        {Rawlings}, S. and {Eales}, S.~A. and {Ivison}, R.~J.},
        title = "{A submillimetre survey of the star formation history of radio galaxies}",
      journal = {\mnras},
     keywords = {STARS: FORMATION, DUST, EXTINCTION, GALAXIES: ACTIVE, GALAXIES:
        ELLIPTICAL AND LENTICULAR, CD, GALAXIES: FORMATION,
        SUBMILLIMETRE, Astrophysics},
         year = 2001,
        month = May,
       volume = {323},
        pages = {417-444},
          doi = {10.1046/j.1365-8711.2001.04188.x},
archivePrefix = {arXiv},
       eprint = {astro-ph/0002083},
 primaryClass = {astro-ph},
       adsurl = {https://ui.adsabs.harvard.edu/\#abs/2001MNRAS.323..417A},
      adsnote = {Provided by the SAO/NASA Astrophysics Data System}
}

@ARTICLE{holt2008,
       author = {{Holt}, J. and {Tadhunter}, C.~N. and {Morganti}, R.},
        title = "{Fast outflows in compact radio sources: evidence for AGN-induced
        feedback in the early stages of radio source evolution}",
      journal = {\mnras},
     keywords = {ISM: jets and outflows, ISM: kinematics and dynamics, galaxies: active,
        galaxies: ISM, galaxies: kinematics and dynamics, Astrophysics},
         year = 2008,
        month = Jun,
       volume = {387},
        pages = {639-659},
          doi = {10.1111/j.1365-2966.2008.13089.x},
archivePrefix = {arXiv},
       eprint = {0802.1444},
 primaryClass = {astro-ph},
       adsurl = {https://ui.adsabs.harvard.edu/\#abs/2008MNRAS.387..639H},
      adsnote = {Provided by the SAO/NASA Astrophysics Data System}
}

@ARTICLE{arrigoni-battaia2015,
       author = {{Arrigoni Battaia}, Fabrizio and {Yang}, Yujin and {Hennawi}, Joseph F.
        and {Prochaska}, J. Xavier and {Matsuda}, Yuichi and {Yamada},
        Toru and {Hayashino}, Tomoki},
        title = "{A Deep Narrowband Imaging Search for C IV and He II Emission from
        Ly{\ensuremath{\alpha}} Blobs}",
      journal = {\apj},
     keywords = {galaxies: formation, galaxies: high-redshift, intergalactic medium,
        Astrophysics - Astrophysics of Galaxies},
         year = 2015,
        month = May,
       volume = {804},
          eid = {26},
        pages = {26},
          doi = {10.1088/0004-637X/804/1/26},
archivePrefix = {arXiv},
       eprint = {1407.2944},
 primaryClass = {astro-ph.GA},
       adsurl = {https://ui.adsabs.harvard.edu/\#abs/2015ApJ...804...26A},
      adsnote = {Provided by the SAO/NASA Astrophysics Data System}
}

@ARTICLE{keenan2002,
       author = {{Keenan}, F.~P. and {Ahmed}, S. and {Brage}, T. and {Doyle}, J.~G. and
        {Espey}, B.~R. and {Exter}, K.~M. and {Hibbert}, A. and
        {Keenan}, M.~T.~C. and {Madjarska}, M.~S. and {Mathioudakis}, M.
        and {Pollacco}, D.~L.},
        title = "{The OIV and SIV intercombination lines in the ultraviolet spectra of
        astrophysical sources}",
      journal = {\mnras},
     keywords = {atomic data, Sun: UV radiation, binaries: symbiotic},
         year = 2002,
        month = Dec,
       volume = {337},
        pages = {901-909},
          doi = {10.1046/j.1365-8711.2002.05988.x},
       adsurl = {https://ui.adsabs.harvard.edu/\#abs/2002MNRAS.337..901K},
      adsnote = {Provided by the SAO/NASA Astrophysics Data System}
}

@ARTICLE{rozanska2014,
       author = {{R{\'o}{\.z}a{\'n}ska}, A. and {Niko{\l}ajuk}, M. and {Czerny}, B. and
        {Dobrzycki}, A. and {Hryniewicz}, K. and {Bechtold}, J. and
        {Ebeling}, H.},
        title = "{Absorption features in the quasar HS 1603 + 3820 II. Distance to the
        absorber obtained from photoionisation modelling}",
      journal = {\na},
     keywords = {Astrophysics - Cosmology and Nongalactic Astrophysics},
         year = 2014,
        month = Apr,
       volume = {28},
        pages = {70-78},
          doi = {10.1016/j.newast.2013.08.009},
archivePrefix = {arXiv},
       eprint = {1303.5004},
 primaryClass = {astro-ph.CO},
       adsurl = {https://ui.adsabs.harvard.edu/\#abs/2014NewA...28...70R},
      adsnote = {Provided by the SAO/NASA Astrophysics Data System}
}

@ARTICLE{henry2000,
       author = {{Henry}, R.~B.~C. and {Edmunds}, M.~G. and {K{\"o}ppen}, J.},
        title = "{On the Cosmic Origins of Carbon and Nitrogen}",
      journal = {\apj},
     keywords = {Galaxies: Abundances, Galaxies: Evolution, Galaxy: Abundances, Galaxy:
        Evolution, ISM: Abundances, Nuclear Reactions, Nucleosynthesis,
        Abundances, Astrophysics},
         year = 2000,
        month = Oct,
       volume = {541},
        pages = {660-674},
          doi = {10.1086/309471},
archivePrefix = {arXiv},
       eprint = {astro-ph/0004299},
 primaryClass = {astro-ph},
       adsurl = {https://ui.adsabs.harvard.edu/\#abs/2000ApJ...541..660H},
      adsnote = {Provided by the SAO/NASA Astrophysics Data System}
}


@ARTICLE{pustilnik2004,
       author = {{Pustilnik}, S. and {Kniazev}, A. and {Pramskij}, A. and {Izotov}, Y.
        and {Foltz}, C. and {Brosch}, N. and {Martin}, J. -M. and
        {Ugryumov}, A.},
        title = "{HS 0837+4717 - a metal-deficient blue compact galaxy with large nitrogen excess}",
      journal = {\aap},
     keywords = {galaxies: starburst, galaxies: abundances, galaxies: interactions, galaxies: evolution, stars: Wolf-Rayet, galaxies: individual: HS 0837+4717, Astrophysics},
         year = 2004,
        month = May,
       volume = {419},
        pages = {469-484},
          doi = {10.1051/0004-6361:20035646},
archivePrefix = {arXiv},
       eprint = {astro-ph/0404171},
 primaryClass = {astro-ph},
       adsurl = {https://ui.adsabs.harvard.edu/\#abs/2004A&A...419..469P},
      adsnote = {Provided by the SAO/NASA Astrophysics Data System}
}

@ARTICLE{Hamann&Ferland1993,
       author = {{Hamann}, Fred and {Ferland}, Gary},
        title = "{The Chemical Evolution of QSOs and the Implications for Cosmology and Galaxy Formation}",
      journal = {\apj},
     keywords = {COSMOLOGY: THEORY, GALAXIES: ABUNDANCES, GALAXIES: EVOLUTION, LINE: FORMATION, GALAXIES: QUASARS: GENERAL},
         year = 1993,
        month = Nov,
       volume = {418},
        pages = {11},
          doi = {10.1086/173366},
       adsurl = {https://ui.adsabs.harvard.edu/\#abs/1993ApJ...418...11H},
      adsnote = {Provided by the SAO/NASA Astrophysics Data System}
}

@ARTICLE{villar-martin2004,
   author = {{Villar-Mart{\'{\i}}n}, M. and {Cervi{\~n}o}, M. and {Gonz{\'a}lez Delgado}, R.~M.
  },
    title = "{Nebular and stellar properties of a metal-poor HII galaxy at z= 3.36}",
  journal = {\mnras},
   eprint = {astro-ph/0409352},
 keywords = {stars: formation, HII regions, galaxies: abundances, galaxies: high-redshift, cosmology: observations},
     year = 2004,
    month = dec,
   volume = 355,
    pages = {1132-1142},
      doi = {10.1111/j.1365-2966.2004.08395.x},
   adsurl = {http://adsabs.harvard.edu/abs/2004MNRAS.355.1132V},
  adsnote = {Provided by the SAO/NASA Astrophysics Data System}
}

@ARTICLE{nesvadba2006,
       author = {{Nesvadba}, N.~P.~H. and {Lehnert}, M.~D. and {Eisenhauer}, F. and
        {Gilbert}, A. and {Tecza}, M. and {Abuter}, R.},
        title = "{Extreme Gas Kinematics in the z=2.2 Powerful Radio Galaxy MRC 1138-262: Evidence for Efficient Active Galactic Nucleus Feedback in the Early Universe?}",
      journal = {\apj},
     keywords = {Cosmology: Observations, Galaxies: Evolution, Galaxies: Kinematics and Dynamics, Infrared: Galaxies, Astrophysics},
         year = 2006,
        month = Oct,
       volume = {650},
        pages = {693-705},
          doi = {10.1086/507266},
archivePrefix = {arXiv},
       eprint = {astro-ph/0606530},
 primaryClass = {astro-ph},
       adsurl = {https://ui.adsabs.harvard.edu/\#abs/2006ApJ...650..693N},
      adsnote = {Provided by the SAO/NASA Astrophysics Data System}
}



@ARTICLE{zirm2005,
       author = {{Zirm}, Andrew W. and {Overzier}, R.~A. and {Miley}, G.~K. and
        {Blakeslee}, J.~P. and {Clampin}, M. and {De Breuck}, C. and
        {Demarco}, R. and {Ford}, H.~C. and {Hartig}, G.~F. and
        {Homeier}, N. and {Illingworth}, G.~D. and {Martel}, A.~R. and
        {R{\"o}ttgering}, H.~J.~A. and {Venemans}, B. and {Ardila},
        D.~R. and {Bartko}, F. and {Ben{\'\i}tez}, N. and {Bouwens},
        R.~J. and {Bradley}, L.~D. and {Broadhurst}, T.~J. and {Brown},
        R.~A. and {Burrows}, C.~J. and {Cheng}, E.~S. and {Cross},
        N.~J.~G. and {Feldman}, P.~D. and {Franx}, M. and {Golimowski},
        D.~A. and {Goto}, T. and {Gronwall}, C. and {Holden}, B. and
        {Infante}, L. and {Kimble}, R.~A. and {Krist}, J.~E. and
        {Lesser}, M.~P. and {Mei}, S. and {Menanteau}, F. and {Meurer},
        G.~R. and {Motta}, V. and {Postman}, M. and {Rosati}, P. and
        {Sirianni}, M. and {Sparks}, W.~B. and {Tran}, H.~D. and
        {Tsvetanov}, Z.~I. and {White}, R.~L. and {Zheng}, W.},
        title = "{Feedback and Brightest Cluster Galaxy Formation: ACS Observations of the Radio Galaxy TN J1338-1942 at z = 4.1}",
      journal = {\apj},
     keywords = {Galaxies: Active, Galaxies: Halos, Galaxies: High-Redshift, Galaxies: Individual: Alphanumeric: TN J1338-1942, Astrophysics},
         year = 2005,
        month = Sep,
       volume = {630},
        pages = {68-81},
          doi = {10.1086/431921},
archivePrefix = {arXiv},
       eprint = {astro-ph/0505610},
 primaryClass = {astro-ph},
       adsurl = {https://ui.adsabs.harvard.edu/\#abs/2005ApJ...630...68Z},
      adsnote = {Provided by the SAO/NASA Astrophysics Data System}
}

@ARTICLE{foreman-mackey2013,
       author = {{Foreman-Mackey}, Daniel and {Hogg}, David W. and {Lang}, Dustin and
        {Goodman}, Jonathan},
        title = "{emcee: The MCMC Hammer}",
      journal = {Publications of the Astronomical Society of the Pacific},
     keywords = {Astrophysics - Instrumentation and Methods for Astrophysics, Physics - Computational Physics, Statistics - Computation},
         year = 2013,
        month = Mar,
       volume = {125},
        pages = {306},
          doi = {10.1086/670067},
archivePrefix = {arXiv},
       eprint = {1202.3665},
 primaryClass = {astro-ph.IM},
       adsurl = {https://ui.adsabs.harvard.edu/\#abs/2013PASP..125..306F},
      adsnote = {Provided by the SAO/NASA Astrophysics Data System}
}

@ARTICLE{foreman-mackay2013,
       author = {{Foreman-Mackey}, Daniel and {Hogg}, David W. and {Lang}, Dustin and
        {Goodman}, Jonathan},
        title = "{emcee: The MCMC Hammer}",
      journal = {Publications of the Astronomical Society of the Pacific},
     keywords = {Astrophysics - Instrumentation and Methods for Astrophysics, Physics - Computational Physics, Statistics - Computation},
         year = 2013,
        month = Mar,
       volume = {125},
        pages = {306},
          doi = {10.1086/670067},
archivePrefix = {arXiv},
       eprint = {1202.3665},
 primaryClass = {astro-ph.IM},
       adsurl = {https://ui.adsabs.harvard.edu/\#abs/2013PASP..125..306F},
      adsnote = {Provided by the SAO/NASA Astrophysics Data System}
}


@ARTICLE{mullaney2013,
   author = {{Mullaney}, J.~R. and {Alexander}, D.~M. and {Fine}, S. and 
  {Goulding}, A.~D. and {Harrison}, C.~M. and {Hickox}, R.~C.},
    title = "{Narrow-line region gas kinematics of 24 264 optically selected AGN: the radio connection}",
  journal = {\mnras},
archivePrefix = "arXiv",
   eprint = {1305.0263},
 keywords = {catalogues, ISM: kinematics and dynamics, galaxies: active, quasars: emission lines, radio continuum: galaxies},
     year = 2013,
    month = jul,
   volume = 433,
    pages = {622-638},
      doi = {10.1093/mnras/stt751},
   adsurl = {http://adsabs.harvard.edu/abs/2013MNRAS.433..622M},
  adsnote = {Provided by the SAO/NASA Astrophysics Data System}
}

@ARTICLE{binette1996,
       author = {{Binette}, L. and {Wilson}, A.~S. and {Storchi-Bergmann}, T.},
        title = "{Excitation and temperature of extended gas in active galaxies. II. Photoionization models with matter-bounded clouds.}",
      journal = {\aap},
     keywords = {GALAXIES: ACTIVE, GALAXIES: SEYFERT, LINE: FORMATION, GALAXIES: ISM},
         year = 1996,
        month = Aug,
       volume = {312},
        pages = {365-379},
       adsurl = {https://ui.adsabs.harvard.edu/\#abs/1996A&A...312..365B},
      adsnote = {Provided by the SAO/NASA Astrophysics Data System}
}

@ARTICLE{wilson1997,
       author = {{Wilson}, A.~S. and {Binette}, L. and {Storchi-Bergmann}, T.},
        title = "{The Temperature of Extended Gas in Active Galaxies: Evidence for Matter-bounded Clouds}",
      journal = {\apj},
     keywords = {GALAXIES: ACTIVE, GALAXIES: ISM, GALAXIES: NUCLEI, GALAXIES: SEYFERT, LINE: FORMATION, RADIO CONTINUUM: GALAXIES, Galaxies: Active, Galaxies: ISM, Galaxies: Nuclei, Galaxies: Seyfert, Line: Formation, Radio Continuum: Galaxies, Astrophysics},
         year = 1997,
        month = Jun,
       volume = {482},
        pages = {L131-L134},
          doi = {10.1086/310702},
archivePrefix = {arXiv},
       eprint = {astro-ph/9704022},
 primaryClass = {astro-ph},
       adsurl = {https://ui.adsabs.harvard.edu/\#abs/1997ApJ...482L.131W},
      adsnote = {Provided by the SAO/NASA Astrophysics Data System}
}

@book{churchill1995, 
author="Churchill, C.W. ", 
title="Introduction to Echelle Data Reduction using IRAF, Lick Observatory Technical Report No. 74.", 
year="1995",
publisher="Astrophysics and Space Science Library", 
}

@ARTICLE{kolwa2019a,
       author = {{Kolwa}, S. and {Jarvis}, M.~J. and {McAlpine}, K. and {Heywood}, I.},
        title = "{The relation between galaxy density and radio jet power for 1.4 GHz VLA selected AGNs in Stripe 82}",
      journal = {\mnras},
     keywords = {catalogues, surveys, galaxies: active, galaxies: statistics, radio continuum: galaxies, Astrophysics - Astrophysics of Galaxies},
         year = 2019,
        month = Feb,
       volume = {482},
        pages = {5156-5166},
          doi = {10.1093/mnras/sty3019},
archivePrefix = {arXiv},
       eprint = {1811.01822},
 primaryClass = {astro-ph.GA},
       adsurl = {https://ui.adsabs.harvard.edu/\#abs/2019MNRAS.482.5156K},
      adsnote = {Provided by the SAO/NASA Astrophysics Data System}
}

@ARTICLE{humphrey2011,
       author = {{Humphrey}, A. and {Zeballos}, M. and {Aretxaga}, I. and {Hughes}, D.~H.
        and {Yun}, M.~S. and {Cybulski}, R. and {Wilson}, Grant W. and
        {Austermann}, J. and {Ezawa}, H. and {Kawabe}, R. and {Kohno},
        K. and {Perera}, T. and {Scott}, K. and {S{\'a}nchez-Arguelles},
        D. and {Gutermuth}, R.},
        title = "{AzTEC 1.1-mm images of 16 radio galaxies at 0.5 \&lt; z \&lt; 5.2 and a quasar at z= 6.3}",
      journal = {\mnras},
     keywords = {galaxies: active, galaxies: high-redshift, quasars: general, galaxies: starburst, cosmology: observations, Astrophysics - Cosmology and Nongalactic Astrophysics},
         year = 2011,
        month = Nov,
       volume = {418},
        pages = {74-89},
          doi = {10.1111/j.1365-2966.2011.19437.x},
archivePrefix = {arXiv},
       eprint = {1107.3120},
 primaryClass = {astro-ph.CO},
       adsurl = {https://ui.adsabs.harvard.edu/\#abs/2011MNRAS.418...74H},
      adsnote = {Provided by the SAO/NASA Astrophysics Data System}
}

@ARTICLE{wylezalek2013,
       author = {{Wylezalek}, Dominika and {Galametz}, Audrey and {Stern}, Daniel and
        {Vernet}, Jo{\"e}l and {De Breuck}, Carlos and {Seymour}, Nick
        and {Brodwin}, Mark and {Eisenhardt}, Peter R.~M. and
        {Gonzalez}, Anthony H. and {Hatch}, Nina and {Jarvis}, Matt and
        {Rettura}, Alessandro and {Stanford}, Spencer A. and {Stevens},
        Jason A.},
        title = "{Galaxy Clusters around Radio-loud Active Galactic Nuclei at 1.3 \&lt; z
        \&lt; 3.2 as Seen by Spitzer}",
      journal = {\apj},
     keywords = {galaxies: active, galaxies: clusters: general, galaxies: high-redshift,
        infrared: galaxies, techniques: photometric, Astrophysics -
        Cosmology and Nongalactic Astrophysics},
         year = 2013,
        month = May,
       volume = {769},
          eid = {79},
        pages = {79},
          doi = {10.1088/0004-637X/769/1/79},
archivePrefix = {arXiv},
       eprint = {1304.0770},
 primaryClass = {astro-ph.CO},
       adsurl = {https://ui.adsabs.harvard.edu/#abs/2013ApJ...769...79W},
      adsnote = {Provided by the SAO/NASA Astrophysics Data System}
}

@ARTICLE{villar-martin2016,
       author = {{Villar-Mart{\'\i}n}, M. and {Arribas}, S. and {Emonts}, B. and
        {Humphrey}, A. and {Tadhunter}, C. and {Bessiere}, P. and
        {Cabrera Lavers}, A. and {Ramos Almeida}, C.},
        title = "{Ionized outflows in luminous type 2 AGNs at z \&lt; 0.6: no evidence for significant impact on the host galaxies}",
      journal = {\mnras},
     keywords = {galaxies: active, galaxies: evolution, quasars: emission lines, quasars: general, Astrophysics - Astrophysics of Galaxies},
         year = 2016,
        month = Jul,
       volume = {460},
        pages = {130-162},
          doi = {10.1093/mnras/stw901},
archivePrefix = {arXiv},
       eprint = {1604.04577},
 primaryClass = {astro-ph.GA},
       adsurl = {https://ui.adsabs.harvard.edu/\#abs/2016MNRAS.460..130V},
      adsnote = {Provided by the SAO/NASA Astrophysics Data System}
}

@Article{best2007,
author = {{Best}, P.~N. and {von der Linden}, A. and {Kauffmann}, G. and 
  {Heckman}, T.~M. and {Kaiser}, C.~R.},
    title = "{On the prevalence of radio-loud active galactic nuclei in brightest cluster galaxies: implications for AGN heating of cooling flows}",
  journal = {\mnras},
   eprint = {astro-ph/0611197},
 keywords = {galaxies: active, galaxies: clusters: general, cooling flows, radio continuum: galaxies, X-rays: galaxies: clusters},
     year = 2007,
    month = aug,
   volume = 379,
    pages = {894-908},
      doi = {10.1111/j.1365-2966.2007.11937.x},
   adsurl = {http://adsabs.harvard.edu/abs/2007MNRAS.379..894B},
  adsnote = {Provided by the SAO/NASA Astrophysics Data System}
}

@ARTICLE{hernandez-garcia2018,
       author = {{Hern{\'a}ndez-Garc{\'\i}a}, L. and {Vietri}, G. and {Panessa}, F. and
        {Piconcelli}, E. and {Chavushyan}, V. and {Jim{\'e}nez-Andrade},
        E.~F. and {Bassani}, L. and {Bazzano}, A. and {Cazzoli}, S. and
        {Malizia}, A. and {Masetti}, N. and {Monaco}, L. and
        {Povi{\'c}}, M. and {Saviane}, I. and {Ubertini}, P.},
        title = "{Variable broad lines and outflow in the weak blazar PBC J2333.9-2343}",
      journal = {\mnras},
     keywords = {galaxies: active, galaxies: individual: PBC J2333.9-2343, galaxies: jets, Astrophysics - Astrophysics of Galaxies},
         year = 2018,
        month = Aug,
       volume = {478},
        pages = {4634-4640},
          doi = {10.1093/mnras/sty1345},
archivePrefix = {arXiv},
       eprint = {1805.07366},
 primaryClass = {astro-ph.GA},
       adsurl = {https://ui.adsabs.harvard.edu/\#abs/2018MNRAS.478.4634H},
      adsnote = {Provided by the SAO/NASA Astrophysics Data System}
}

@ARTICLE{mccarthy1990b,
       author = {{McCarthy}, Patrick J. and {Spinrad}, Hyron and {van Breugel}, Wil and
        {Liebert}, James and {Dickinson}, Mark and {Djorgovski}, S. and
        {Eisenhardt}, Peter},
        title = "{Extended LY alpha Emission Associated with 3C 294}",
      journal = {\apj},
     keywords = {Galactic Evolution, Galactic Radiation, Lyman Alpha Radiation, Radio Galaxies, Red Shift, Emission Spectra, Ionized Gases, Line Spectra, Astrophysics, GALAXIES: EVOLUTION, GALAXIES: INDIVIDUAL ALPHANUMERIC: 3C 294, GALAXIES: REDSHIFTS, RADIO SOURCES: GALAXIES},
         year = 1990,
        month = Dec,
       volume = {365},
        pages = {487},
          doi = {10.1086/169503},
       adsurl = {https://ui.adsabs.harvard.edu/\#abs/1990ApJ...365..487M},
      adsnote = {Provided by the SAO/NASA Astrophysics Data System}
}

@ARTICLE{saito2015,
       author = {{Saito}, Tomoki and {Matsuda}, Yuichi and {Lacey}, Cedric G. and
        {Smail}, Ian and {Orsi}, Alvaro and {Baugh}, Carlton M. and
        {Inoue}, Akio K. and {Tanaka}, Ichi and {Yamada}, Toru and
        {Ohta}, Kouji and {De Breuck}, Carlos and {Kodama}, Tadayuki and
        {Taniguchi}, Yoshiaki},
        title = "{The environments of Ly {\ensuremath{\alpha}} blobs - I. Wide-field Ly {\ensuremath{\alpha}} imaging of TN J1338-1942, a powerful radio galaxy at z ≃ 4.1 associated with a giant Ly {\ensuremath{\alpha}} nebula}",
      journal = {\mnras},
     keywords = {galaxies: evolution, galaxies: formation, galaxies: high-redshift, galaxies: individual: TN J1338-1942, Astrophysics - Astrophysics of Galaxies, Astrophysics - Cosmology and Nongalactic Astrophysics},
         year = 2015,
        month = Mar,
       volume = {447},
        pages = {3069-3086},
          doi = {10.1093/mnras/stu2538},
archivePrefix = {arXiv},
       eprint = {1403.5924},
 primaryClass = {astro-ph.GA},
       adsurl = {https://ui.adsabs.harvard.edu/\#abs/2015MNRAS.447.3069S},
      adsnote = {Provided by the SAO/NASA Astrophysics Data System}
}

@ARTICLE{dannerbauer2014,
       author = {{Dannerbauer}, H. and {Kurk}, J.~D. and {De Breuck}, C. and {Wylezalek},
        D. and {Santos}, J.~S. and {Koyama}, Y. and {Seymour}, N. and
        {Tanaka}, M. and {Hatch}, N. and {Altieri}, B. and {Coia}, D.
        and {Galametz}, A. and {Kodama}, T. and {Miley}, G. and
        {R{\"o}ttgering}, H. and {Sanchez-Portal}, M. and {Valtchanov},
        I. and {Venemans}, B. and {Ziegler}, B.},
        title = "{An excess of dusty starbursts related to the Spiderweb galaxy}",
      journal = {\aap},
     keywords = {galaxies: individual: MRC1138, 262, galaxies: clusters: individual: MRC1138, galaxies: high-redshift, cosmology: observations, infrared: galaxies, submillimeter: galaxies, Astrophysics - Astrophysics of Galaxies},
         year = 2014,
        month = Oct,
       volume = {570},
          eid = {A55},
        pages = {A55},
          doi = {10.1051/0004-6361/201423771},
archivePrefix = {arXiv},
       eprint = {1410.3730},
 primaryClass = {astro-ph.GA},
       adsurl = {https://ui.adsabs.harvard.edu/\#abs/2014A&A...570A..55D},
      adsnote = {Provided by the SAO/NASA Astrophysics Data System}
}

@ARTICLE{villar-martin1999b,
   author = {{Villar-Mart{\'{\i}}n}, M. and {Fosbury}, R.~A.~E. and {Binette}, L. and 
  {Tadhunter}, C.~N. and {Rocca-Volmerange}, B.},
    title = "{UV rest frame spectroscopy of four high redshift (z$\gt$2) active galaxies}",
  journal = {\aap},
   eprint = {astro-ph/9909265},
 keywords = {COSMOLOGY: EARLY UNIVERSE, GALAXIES: ACTIVE, GALAXIES: KINEMATICS AND DYNAMICS},
     year = 1999,
    month = nov,
   volume = 351,
    pages = {47-58},
   adsurl = {http://adsabs.harvard.edu/abs/1999A%26A...351...47V},
  adsnote = {Provided by the SAO/NASA Astrophysics Data System}
}

@ARTICLE{tadhunter1989,
       author = {{Tadhunter}, C.~N. and {Fosbury}, R.~A.~E. and {Quinn}, P.~J.},
        title = "{The kinematics of the ionized gas around powerful radio galaxies.}",
      journal = {\mnras},
     keywords = {Emission Spectra, Gas Dynamics, Gravitational Effects, Intergalactic Media, Line Spectra, Radio Galaxies, Accretion Disks, Chaos, Galactic Evolution, Radial Velocity, Radio Jets (Astronomy), Astrophysics},
         year = 1989,
        month = Sep,
       volume = {240},
        pages = {225-254},
          doi = {10.1093/mnras/240.2.225},
       adsurl = {https://ui.adsabs.harvard.edu/\#abs/1989MNRAS.240..225T},
      adsnote = {Provided by the SAO/NASA Astrophysics Data System}
}

@ARTICLE{oppenheimer2008,
       author = {{Oppenheimer}, Benjamin D. and {Dav{\'e}}, Romeel},
        title = "{Mass, metal, and energy feedback in cosmological simulations}",
      journal = {\mnras},
     keywords = {methods: numerical, galaxies: abundances, galaxies: evolution, galaxies: high-redshift, intergalactic medium, cosmology: theory, Astrophysics},
         year = 2008,
        month = Jun,
       volume = {387},
        pages = {577-600},
          doi = {10.1111/j.1365-2966.2008.13280.x},
archivePrefix = {arXiv},
       eprint = {0712.1827},
 primaryClass = {astro-ph},
       adsurl = {https://ui.adsabs.harvard.edu/\#abs/2008MNRAS.387..577O},
      adsnote = {Provided by the SAO/NASA Astrophysics Data System}
}

@ARTICLE{oppenheimer2010,
       author = {{Oppenheimer}, Benjamin D. and {Dav{\'e}}, Romeel and {Kere{\v{s}}},
        Du{\v{s}}an and {Fardal}, Mark and {Katz}, Neal and {Kollmeier},
        Juna A. and {Weinberg}, David H.},
        title = "{Feedback and recycled wind accretion: assembling the z = 0 galaxy mass function}",
      journal = {\mnras},
     keywords = {hydrodynamics, methods: numerical, galaxies: evolution, galaxies: formation, intergalactic medium, galaxies: luminosity function, mass function, Astrophysics - Cosmology and Nongalactic Astrophysics, Astrophysics - Astrophysics of Galaxies},
         year = 2010,
        month = Aug,
       volume = {406},
        pages = {2325-2338},
          doi = {10.1111/j.1365-2966.2010.16872.x},
archivePrefix = {arXiv},
       eprint = {0912.0519},
 primaryClass = {astro-ph.CO},
       adsurl = {https://ui.adsabs.harvard.edu/\#abs/2010MNRAS.406.2325O},
      adsnote = {Provided by the SAO/NASA Astrophysics Data System}
}

@ARTICLE{oppenheimer2018,
       author = {{Oppenheimer}, Benjamin D. and {Schaye}, Joop and {Crain}, Robert A. and
        {Werk}, Jessica K. and {Richings}, Alexander J.},
        title = "{The multiphase circumgalactic medium traced by low metal ions in EAGLE zoom simulations}",
      journal = {\mnras},
     keywords = {galaxies: evolution, formation, halo, galaxies: intergalactic medium, cosmology: theory, quasars: absorption lines, Astrophysics - Astrophysics of Galaxies},
         year = 2018,
        month = Nov,
       volume = {481},
        pages = {835-859},
          doi = {10.1093/mnras/sty2281},
archivePrefix = {arXiv},
       eprint = {1709.07577},
 primaryClass = {astro-ph.GA},
       adsurl = {https://ui.adsabs.harvard.edu/\#abs/2018MNRAS.481..835O},
      adsnote = {Provided by the SAO/NASA Astrophysics Data System}
}

@ARTICLE{binette2003,
       author = {{Binette}, L. and {Groves}, B. and {Villar-Mart{\'\i}n}, M. and
        {Fosbury}, R.~A.~E. and {Axon}, D.~J.},
        title = "{High-z nebulae: Ionization by stars or by an obscured QSO?}",
      journal = {\aap},
     keywords = {line: formation, quasars: emission lines, galaxies: formation, cosmology: early Universe},
         year = 2003,
        month = Jul,
       volume = {405},
        pages = {975-980},
          doi = {10.1051/0004-6361:20030718},
       adsurl = {https://ui.adsabs.harvard.edu/\#abs/2003A&A...405..975B},
      adsnote = {Provided by the SAO/NASA Astrophysics Data System}
}


@ARTICLE{rakshit2018,
       author = {{Rakshit}, Suvendu and {Woo}, Jong-Hak},
        title = "{A Census of Ionized Gas Outflows in Type 1 AGNs: Gas Outflows in AGNs. V.}",
      journal = {\apj},
     keywords = {galaxies: active, galaxies: kinematics and dynamics, quasars: emission lines, Astrophysics - Astrophysics of Galaxies},
         year = 2018,
        month = Sep,
       volume = {865},
          eid = {5},
        pages = {5},
          doi = {10.3847/1538-4357/aad9f8},
archivePrefix = {arXiv},
       eprint = {1808.03415},
 primaryClass = {astro-ph.GA},
       adsurl = {https://ui.adsabs.harvard.edu/\#abs/2018ApJ...865....5R},
      adsnote = {Provided by the SAO/NASA Astrophysics Data System}
}

@ARTICLE{vanbreugel2006,
       author = {{van Breugel}, W. and {de Vries}, W. and {Croft}, S. and {De Breuck}, C.
        and {Dopita}, M. and {Miley}, G. and {Reuland}, M. and
        {R{\"o}ttgering}, H.},
        title = "{High redshift Ly{\ensuremath{\alpha}} halos}",
      journal = {Astronomische Nachrichten},
     keywords = {galaxies:active, ISM:H II},
         year = 2006,
        month = Mar,
       volume = {327},
        pages = {175-179},
          doi = {10.1002/asna.200510502},
       adsurl = {https://ui.adsabs.harvard.edu/\#abs/2006AN....327..175V},
      adsnote = {Provided by the SAO/NASA Astrophysics Data System}
}

@ARTICLE{baum1988,
       author = {{Baum}, Stefi Alison and {Heckman}, Timothy M. and {Bridle}, Alan and
        {van Breugel}, Wil J.~M. and {Miley}, George K.},
        title = "{Extended Optical Line Emitting Gas in Radio Galaxies: Broad-Band Optical, Narrow-Band Optical, and Radio Imaging of a Representative Sample}",
      journal = {The Astrophysical Journal Supplement Series},
     keywords = {Active Galaxies, Broadband, Galactic Structure, Interstellar Gas, Narrowband, Radio Galaxies, Emission Spectra, H Alpha Line, Ionizing Radiation, Line Spectra, Red Shift, Very Large Array (Vla), Astrophysics, GALAXIES: INTERSTELLAR MATTER, GALAXIES: STRUCTURE, RADIO SOURCES: GALAXIES},
         year = 1988,
        month = Dec,
       volume = {68},
        pages = {643},
          doi = {10.1086/191301},
       adsurl = {https://ui.adsabs.harvard.edu/\#abs/1988ApJS...68..643B},
      adsnote = {Provided by the SAO/NASA Astrophysics Data System}
}

@ARTICLE{Heckman1991,
       author = {{Heckman}, Timothy M. and {Lehnert}, Matthew D. and {van Breugel}, Wil
        and {Miley}, George K.},
        title = "{Spatially Resolved Optical Images of High-Redshift Quasi-stellar Objects}",
      journal = {\apj},
     keywords = {Active Galactic Nuclei, Image Analysis, Interstellar Matter, Quasars, Red Shift, Spatial Resolution, Absorption Spectra, Astronomical Spectroscopy, Lyman Alpha Radiation, Nebulae, Radio Galaxies, Astrophysics, GALAXIES: INTERSTELLAR MATTER, QUASARS},
         year = 1991,
        month = Mar,
       volume = {370},
        pages = {78},
          doi = {10.1086/169794},
       adsurl = {https://ui.adsabs.harvard.edu/\#abs/1991ApJ...370...78H},
      adsnote = {Provided by the SAO/NASA Astrophysics Data System}
}

@ARTICLE{humphrey2007,
       author = {{Humphrey}, A. and {Villar-Mart{\'\i}n}, M. and {Fosbury}, R. and
         {Binette}, L. and {Vernet}, J. and {De Breuck}, C. and
         {di Serego Alighieri}, S.},
        title = "{Giant Ly{\ensuremath{\alpha}} nebulae around z \&gt; 2 radio galaxies: evidence for infall}",
      journal = {\mnras},
     keywords = {galaxies: active, galaxies: evolution, galaxies: high-redshift, galaxies: jets, Astrophysics},
         year = "2007",
        month = "Feb",
       volume = {375},
        pages = {705-714},
          doi = {10.1111/j.1365-2966.2006.11344.x},
archivePrefix = {arXiv},
       eprint = {astro-ph/0611778},
 primaryClass = {astro-ph},
       adsurl = {https://ui.adsabs.harvard.edu/\#abs/2007MNRAS.375..705H},
      adsnote = {Provided by the SAO/NASA Astrophysics Data System}
}

@ARTICLE{humphrey2008a,
   author = {{Humphrey}, A. and {Villar-Mart{\'{\i}}n}, M. and {Vernet}, J. and 
  {Fosbury}, R. and {di Serego Alighieri}, S. and {Binette}, L.
  },
    title = "{Deep spectroscopy of the FUV-optical emission lines from a sample of radio galaxies at z \~{} 2.5: metallicity and ionization}",
  journal = {\mnras},
archivePrefix = "arXiv",
   eprint = {0710.5324},
 keywords = {galaxies: active , galaxies: high-redshift , quasars: emission lines , ultraviolet: ISM},
     year = 2008,
    month = jan,
   volume = 383,
    pages = {11-40},
      doi = {10.1111/j.1365-2966.2007.12506.x},
   adsurl = {http://adsabs.harvard.edu/abs/2008MNRAS.383...11H},
  adsnote = {Provided by the SAO/NASA Astrophysics Data System}
}

@ARTICLE{best2000a,
   author = {{Best}, P.~N. and {R{\"o}ttgering}, H.~J.~A. and {Longair}, M.~S.
  },
    title = "{Ionization, shocks and evolution of the emission-line gas of distant 3CR radio galaxies}",
  journal = {\mnras},
   eprint = {astro-ph/9908211},
 keywords = {SHOCK WAVES, GALAXIES: ACTIVE, GALAXIES: ISM, RADIO CONTINUUM: GALAXIES},
     year = 2000,
    month = jan,
   volume = 311,
    pages = {23-36},
      doi = {10.1046/j.1365-8711.2000.03028.x},
   adsurl = {http://adsabs.harvard.edu/abs/2000MNRAS.311...23B},
  adsnote = {Provided by the SAO/NASA Astrophysics Data System}
}

@ARTICLE{humphrey2013,
   author = {{Humphrey}, A. and {Vernet}, J. and {Villar-Mart{\'{\i}}n}, M. and 
  {di Serego Alighieri}, S. and {Fosbury}, R.~A.~E. and {Cimatti}, A.
  },
    title = "{Polarized Extended Ly{$\alpha$} Emission from a z = 2.3 Radio Galaxy}",
  journal = {\apjl},
archivePrefix = "arXiv",
   eprint = {1302.2813},
 keywords = {galaxies: active, galaxies: high-redshift, galaxies: individual: TXS 0211-122, ISM: jets and outflows},
     year = 2013,
    month = may,
   volume = 768,
      eid = {L3},
    pages = {L3},
      doi = {10.1088/2041-8205/768/1/L3},
   adsurl = {http://adsabs.harvard.edu/abs/2013ApJ...768L...3H},
  adsnote = {Provided by the SAO/NASA Astrophysics Data System}
}

@ARTICLE{ferruit1997,
       author = {{Ferruit}, P. and {Binette}, L. and {Sutherland}, R.~S. and
         {Pecontal}, E.},
        title = "{Modeling extragalactic bowshocks. I. The model.}",
      journal = {\aap},
     keywords = {GALAXIES: ACTIVE, ISM, SHOCKWAVES},
         year = "1997",
        month = "Jun",
       volume = {322},
        pages = {73-85},
       adsurl = {https://ui.adsabs.harvard.edu/\#abs/1997A&A...322...73F},
      adsnote = {Provided by the SAO/NASA Astrophysics Data System}
}

@ARTICLE{binette1985,
       author = {{Binette}, L. and {Dopita}, M.~A. and {Tuohy}, I.~R.},
        title = "{Radiative shock-wave theory. II. High-velocity shocks and thermal instabilities.}",
      journal = {\apj},
     keywords = {Astronomical Models, Emission Spectra, Galactic Nuclei, Interstellar Gas, Shock Wave Propagation, Thermal Instability, Computational Astrophysics, Extreme Ultraviolet Radiation, Photoionization, Plasma Cooling, Radiative Transfer, Recombination Reactions, X Ray Sources, Astrophysics},
         year = "1985",
        month = "Oct",
       volume = {297},
        pages = {476-491},
          doi = {10.1086/163544},
       adsurl = {https://ui.adsabs.harvard.edu/\#abs/1985ApJ...297..476B},
      adsnote = {Provided by the SAO/NASA Astrophysics Data System}
}

@ARTICLE{shull2010,
   author = {{Shull}, J.~M. and {France}, K. and {Danforth}, C.~W. and {Smith}, B. and 
  {Tumlinson}, J.},
    title = "{HST/COS Observations of the Quasar HE 2347-4342: Probing the Epoch of He II Patchy Reionization at Redshifts z = 2.4-2.9}",
  journal = {\apj},
 keywords = {dark ages, reionization, first stars, galaxies: active, intergalactic medium, quasars: absorption lines, quasars: individual: HE 2347-4342, ultraviolet: general},
     year = 2010,
    month = oct,
   volume = 722,
    pages = {1312-1324},
      doi = {10.1088/0004-637X/722/2/1312},
   adsurl = {http://adsabs.harvard.edu/abs/2010ApJ...722.1312S},
  adsnote = {Provided by the SAO/NASA Astrophysics Data System}
}

@ARTICLE{mcquinn2016,
       author = {{McQuinn}, Matthew},
        title = "{The Evolution of the Intergalactic Medium}",
      journal = {Annual Review of Astronomy and Astrophysics},
     keywords = {Astrophysics - Cosmology and Nongalactic Astrophysics},
         year = "2016",
        month = "Sep",
       volume = {54},
        pages = {313-362},
          doi = {10.1146/annurev-astro-082214-122355},
archivePrefix = {arXiv},
       eprint = {1512.00086},
 primaryClass = {astro-ph.CO},
       adsurl = {https://ui.adsabs.harvard.edu/\#abs/2016ARA&A..54..313M},
      adsnote = {Provided by the SAO/NASA Astrophysics Data System}
}

@ARTICLE{greene2013,
       author = {{Greene}, Jenny E. and {Murphy}, Jeremy D. and {Graves}, Genevieve J. and
         {Gunn}, James E. and {Raskutti}, Sudhir and {Comerford}, Julia M. and
         {Gebhardt}, Karl},
        title = "{The Stellar Halos of Massive Elliptical Galaxies. II. Detailed Abundance Ratios at Large Radius}",
      journal = {\apj},
     keywords = {galaxies: abundances, galaxies: elliptical and lenticular, cD, galaxies: evolution, Astrophysics - Cosmology and Nongalactic Astrophysics},
         year = "2013",
        month = "Oct",
       volume = {776},
          eid = {64},
        pages = {64},
          doi = {10.1088/0004-637X/776/2/64},
archivePrefix = {arXiv},
       eprint = {1308.2682},
 primaryClass = {astro-ph.CO},
       adsurl = {https://ui.adsabs.harvard.edu/\#abs/2013ApJ...776...64G},
      adsnote = {Provided by the SAO/NASA Astrophysics Data System}
}

@ARTICLE{greene2015,
       author = {{Greene}, Jenny E. and {Janish}, Ryan and {Ma}, Chung-Pei and
         {McConnell}, Nicholas J. and {Blakeslee}, John P. and {Thomas}, Jens and
         {Murphy}, Jeremy D.},
        title = "{The MASSIVE Survey. II. Stellar Population Trends Out to Large Radius in Massive Early-type Galaxies}",
      journal = {\apj},
     keywords = {galaxies: elliptical and lenticular, cD, galaxies: evolution, galaxies: kinematics and dynamics, galaxies: stellar content, Astrophysics - Astrophysics of Galaxies},
         year = "2015",
        month = "Jul",
       volume = {807},
          eid = {11},
        pages = {11},
          doi = {10.1088/0004-637X/807/1/11},
archivePrefix = {arXiv},
       eprint = {1504.02483},
 primaryClass = {astro-ph.GA},
       adsurl = {https://ui.adsabs.harvard.edu/\#abs/2015ApJ...807...11G},
      adsnote = {Provided by the SAO/NASA Astrophysics Data System}
}

@INPROCEEDINGS{dodorico2000,
       author = {{D'Odorico}, Sandro and {Cristiani}, Stefano and {Dekker}, Hans and
         {Hill}, Vanessa and {Kaufer}, Andreas and {Kim}, Taesun and
         {Primas}, Francesca},
        title = "{Performance of UVES, the echelle spectrograph for the ESO VLT and highlights of the first observations of stars and quasars}",
    booktitle = {Discoveries and Research Prospects from 8- to 10-Meter-Class Telescopes},
         year = "2000",
       editor = {{Bergeron}, Jacqueline},
       series = {Society of Photo-Optical Instrumentation Engineers (SPIE) Conference Series},
       volume = {4005},
        month = "Jun",
        pages = {121-130},
          doi = {10.1117/12.390133},
       adsurl = {https://ui.adsabs.harvard.edu/\#abs/2000SPIE.4005..121D},
      adsnote = {Provided by the SAO/NASA Astrophysics Data System}
}

@INPROCEEDINGS{dekker2000,
       author = {{Dekker}, Hans and {D'Odorico}, Sandro and {Kaufer}, Andreas and
         {Delabre}, Bernard and {Kotzlowski}, Heinz},
        title = "{Design, construction, and performance of UVES, the echelle spectrograph for the UT2 Kueyen Telescope at the ESO Paranal Observatory}",
    booktitle = {Optical and IR Telescope Instrumentation and Detectors},
         year = "2000",
       editor = {{Iye}, Masanori and {Moorwood}, Alan F.},
       series = {Society of Photo-Optical Instrumentation Engineers (SPIE) Conference Series},
       volume = {4008},
        month = "Aug",
        pages = {534-545},
          doi = {10.1117/12.395512},
       adsurl = {https://ui.adsabs.harvard.edu/\#abs/2000SPIE.4008..534D},
      adsnote = {Provided by the SAO/NASA Astrophysics Data System}
}

@ARTICLE{cashman2017,
   author = {{Cashman}, F.~H. and {Kulkarni}, V.~P. and {Kisielius}, R. and 
  {Ferland}, G.~J. and {Bogdanovich}, P.},
    title = "{Atomic Data Revisions for Transitions Relevant to Observations of Interstellar, Circumgalactic, and Intergalactic Matter}",
  journal = {\apjs},
archivePrefix = "arXiv",
   eprint = {1701.04847},
 keywords = {atomic data, atomic processes, ISM: abundances, galaxies: abundances, quasars: absorption lines},
     year = 2017,
    month = may,
   volume = 230,
      eid = {8},
    pages = {8},
      doi = {10.3847/1538-4365/aa6d84},
   adsurl = {http://adsabs.harvard.edu/abs/2017ApJS..230....8C},
  adsnote = {Provided by the SAO/NASA Astrophysics Data System}
}

@ARTICLE{allen1998,
       author = {{Allen}, Mark G. and {Dopita}, Michael A. and {Tsvetanov}, Zlatan I.},
        title = "{Ultraviolet Diagnostics for the Emission-Line Gas in Active Galaxies}",
      journal = {\apj},
     keywords = {GALAXIES: NUCLEI, GALAXIES: PHOTOMETRY, GALAXIES: SEYFERT, ULTRAVIOLET: GALAXIES, Galaxies: Nuclei, Galaxies: Photometry, Galaxies: Seyfert, Ultraviolet: Galaxies, Astrophysics},
         year = "1998",
        month = "Jan",
       volume = {493},
        pages = {571-582},
          doi = {10.1086/305145},
archivePrefix = {arXiv},
       eprint = {astro-ph/9801040},
 primaryClass = {astro-ph},
       adsurl = {https://ui.adsabs.harvard.edu/\#abs/1998ApJ...493..571A},
      adsnote = {Provided by the SAO/NASA Astrophysics Data System}
}

@ARTICLE{dopita1995,
       author = {{Dopita}, Michael A. and {Sutherland}, Ralph S.},
        title = "{Spectral Signatures of Fast Shocks. II. Optical Diagnostic Diagrams}",
      journal = {\apj},
     keywords = {GALAXIES: ACTIVE, GALAXIES: SEYFERT, SHOCK WAVES},
         year = "1995",
        month = "Dec",
       volume = {455},
        pages = {468},
          doi = {10.1086/176596},
       adsurl = {https://ui.adsabs.harvard.edu/\#abs/1995ApJ...455..468D},
      adsnote = {Provided by the SAO/NASA Astrophysics Data System}
}

@ARTICLE{martin2005,
       author = {{Martin}, Crystal L.},
        title = "{Mapping Large-Scale Gaseous Outflows in Ultraluminous Galaxies with Keck II ESI Spectra: Variations in Outflow Velocity with Galactic Mass}",
      journal = {\apj},
     keywords = {Galaxies: Evolution, Galaxies: Formation, Galaxies: Fundamental Parameters, ISM: Evolution, ISM: Kinematics and Dynamics, ISM: Structure, Astrophysics},
         year = "2005",
        month = "Mar",
       volume = {621},
        pages = {227-245},
          doi = {10.1086/427277},
archivePrefix = {arXiv},
       eprint = {astro-ph/0410247},
 primaryClass = {astro-ph},
       adsurl = {https://ui.adsabs.harvard.edu/\#abs/2005ApJ...621..227M},
      adsnote = {Provided by the SAO/NASA Astrophysics Data System}
}

@ARTICLE{perna2019,
       author = {{Perna}, M. and {Cresci}, G. and {Brusa}, M. and {Lanzuisi}, G. and
         {Concas}, A. and {Mainieri}, V. and {Mannucci}, F. and {Marconi}, A.},
        title = "{Multi-phase outflows in Mkn 848 observed with SDSS-MaNGA integral field spectroscopy}",
      journal = {\aap},
     keywords = {galaxies: active, ISM: jets and outflows, galaxies: individual: Mkn 848, Astrophysics - Astrophysics of Galaxies},
         year = "2019",
        month = "Mar",
       volume = {623},
          eid = {A171},
        pages = {A171},
          doi = {10.1051/0004-6361/201834193},
archivePrefix = {arXiv},
       eprint = {1901.02027},
 primaryClass = {astro-ph.GA},
       adsurl = {https://ui.adsabs.harvard.edu/abs/2019A&A...623A.171P},
      adsnote = {Provided by the SAO/NASA Astrophysics Data System}
}











