@preamble{ " \newcommand{\noop}[1]{} " } 

@INPROCEEDINGS{Mcmullin2007,
   author = {{McMullin}, J.~P. and {Waters}, B. and {Schiebel}, D. and {Young}, W. and 
	{Golap}, K.},
    title = "{CASA Architecture and Applications}",
booktitle = {Astronomical Data Analysis Software and Systems XVI},
     year = 2007,
   series = {Astronomical Society of the Pacific Conference Series},
   volume = 376,
   editor = {{Shaw}, R.~A. and {Hill}, F. and {Bell}, D.~J.},
    month = oct,
    pages = {127},
   adsurl = {https://ui.adsabs.harvard.edu/abs/2007ASPC..376..127M},
  adsnote = {Provided by the SAO/NASA Astrophysics Data System}
}

@ARTICLE{Smail2012,
       author = {{Smail}, Ian and {Blundell}, Katherine M. and {Lehmer}, B.~D. and {Alexand
        er}, D.~M.},
        title = "{Inverse Compton X-Ray Halos around High-z Radio Galaxies: A Feedback Mechanism Powered by Far-infrared Starbursts or the Cosmic Microwave Background?}",
      journal = {\apj},
     keywords = {cosmology: observations, galaxies: evolution, galaxies: formation, galaxies: individual: 4C03.24 4C19.71, Astrophysics - Cosmology and Nongalactic Astrophysics},
         year = "2012",
        month = "Dec",
       volume = {760},
       number = {2},
          eid = {132},
        pages = {132},
          doi = {10.1088/0004-637X/760/2/132},
archivePrefix = {arXiv},
       eprint = {1210.4548},
 primaryClass = {astro-ph.CO},
       adsurl = {https://ui.adsabs.harvard.edu/abs/2012ApJ...760..132S},
      adsnote = {Provided by the SAO/NASA Astrophysics Data System}
}

@ARTICLE{Ohyama2004,
       author = {{Ohyama}, Youichi and {Taniguchi}, Yoshiaki},
        title = "{Subaru Spectroscopy of the Giant Ly{\ensuremath{\alpha}} Nebula Associated with the High-z Powerful Radio Galaxy 1243+036}",
      journal = {\aj},
     keywords = {Galaxies: Evolution, Galaxies: Formation, galaxies: individual (PKS 1243+036), Galaxies: Starburst, Astrophysics},
         year = "2004",
        month = "Mar",
       volume = {127},
       number = {3},
        pages = {1313-1317},
          doi = {10.1086/382106},
archivePrefix = {arXiv},
       eprint = {astro-ph/0312556},
 primaryClass = {astro-ph},
       adsurl = {https://ui.adsabs.harvard.edu/abs/2004AJ....127.1313O},
      adsnote = {Provided by the SAO/NASA Astrophysics Data System}
}


@ARTICLE{Gopal-Krishna2000,
       author = {{Gopal-Krishna} and {Wiita}, Paul J.},
        title = "{Superdisks in Radio Galaxies}",
      journal = {\apj},
     keywords = {GALAXIES: ISM, GALAXIES: JETS, GALAXIES: STRUCTURE, RADIO CONTINUUM: GALAXIES, ULTRAVIOLET: GALAXIES, Galaxies: ISM, Galaxies: Jets, Galaxies: Structure, Radio Continuum: Galaxies, Ultraviolet: Galaxies},
         year = "2000",
        month = "Jan",
       volume = {529},
       number = {1},
        pages = {189-200},
          doi = {10.1086/308230},
       adsurl = {https://ui.adsabs.harvard.edu/abs/2000ApJ...529..189G},
      adsnote = {Provided by the SAO/NASA Astrophysics Data System}
}

@ARTICLE{Binette1998,
       author = {{Binette}, Luc and {Joguet}, Benoit and {Wang}, John C.~L.},
        title = "{Evidence of Fermi Acceleration of Ly{\ensuremath{\alpha}} in the Radio Galaxy 1243+036}",
      journal = {\apj},
     keywords = {GALAXIES: INDIVIDUAL: ALPHANUMERIC: 1243+036, GALAXIES: JETS, LINE: FORMATION, LINE: PROFILES, SHOCK WAVES, Galaxies: Individual: Alphanumeric: 1243+036, Galaxies: Jets, Line: Formation, Line: Profiles, Shock Waves, Astrophysics},
         year = "1998",
        month = "Oct",
       volume = {505},
       number = {2},
        pages = {634-638},
          doi = {10.1086/306206},
archivePrefix = {arXiv},
       eprint = {astro-ph/9804263},
 primaryClass = {astro-ph},
       adsurl = {https://ui.adsabs.harvard.edu/abs/1998ApJ...505..634B},
      adsnote = {Provided by the SAO/NASA Astrophysics Data System}
}


@ARTICLE{Overzier2001,
       author = {{Overzier}, R.~A. and {R{\"o}ttgering}, H.~J.~A. and {Kurk}, J.~D. and
         {De Breuck}, C.},
        title = "{Deep VLT spectroscopy of the z= 2.49 radio galaxy MRC 2104-242. Evidence for a metallicity gradient in its extended emission line region}",
      journal = {\aap},
     keywords = {COSMOLOGY: EARLY UNIVERSE, GALAXIES: ACTIVE, GALAXIES: EVOLUTION, GALAXIES: INDIVIDUAL: MRC 2104-242, GALAXIES: KINEMATICS AND DYNAMICS, Astrophysics},
         year = "2001",
        month = "Feb",
       volume = {367},
        pages = {L5-L8},
          doi = {10.1051/0004-6361:20010041},
archivePrefix = {arXiv},
       eprint = {astro-ph/0101152},
 primaryClass = {astro-ph},
       adsurl = {https://ui.adsabs.harvard.edu/abs/2001A&A...367L...5O},
      adsnote = {Provided by the SAO/NASA Astrophysics Data System}
}

@ARTICLE{DeBreuck2010,
       author = {{De Breuck}, Carlos and {Seymour}, Nick and {Stern}, Daniel and
         {Willner}, S.~P. and {Eisenhardt}, P.~R.~M. and {Fazio}, G.~G. and
         {Galametz}, Audrey and {Lacy}, Mark and {Rettura}, Alessandro and
         {Rocca-Volmerange}, Brigitte},
        title = "{The Spitzer High-redshift Radio Galaxy Survey}",
      journal = {\apj},
     keywords = {galaxies: active, galaxies: evolution, galaxies: high-redshift, radio continuum: galaxies, Astrophysics - Cosmology and Nongalactic Astrophysics, Astrophysics - Astrophysics of Galaxies},
         year = "2010",
        month = "Dec",
       volume = {725},
       number = {1},
        pages = {36-62},
          doi = {10.1088/0004-637X/725/1/36},
archivePrefix = {arXiv},
       eprint = {1010.1385},
 primaryClass = {astro-ph.CO},
       adsurl = {https://ui.adsabs.harvard.edu/abs/2010ApJ...725...36D},
      adsnote = {Provided by the SAO/NASA Astrophysics Data System}
}


@ARTICLE{Pentericci1997,
       author = {{Pentericci}, L. and {Roettgering}, H.~J.~A. and {Miley}, G.~K. and
         {Carilli}, C.~L. and {McCarthy}, P.},
        title = "{The radio galaxy 1138-262 at z=2.2: a giant elliptical galaxy at the center of a proto-cluster?}",
      journal = {\aap},
     keywords = {GALAXIES: ACTIVE, GALAXIES: RADIO, GALAXIES: CLUSTERS, GALAXIES: INDIVIDUAL: G 1138-262},
         year = "1997",
        month = "Oct",
       volume = {326},
        pages = {580-596},
       adsurl = {https://ui.adsabs.harvard.edu/abs/1997A&A...326..580P},
      adsnote = {Provided by the SAO/NASA Astrophysics Data System}
}

@ARTICLE{Wagg2006,
       author = {{Wagg}, J. and {Wilner}, D.~J. and {Neri}, R. and {Downes}, D. and
         {Wiklind}, T.},
        title = "{Atomic Carbon in APM 08279+5255 at z = 3.91}",
      journal = {\apj},
     keywords = {Galaxies: Active, Galaxies: High-Redshift, Galaxies: ISM, Galaxies: Quasars: Emission Lines, Galaxies: Quasars: Individual: Alphanumeric: APM 08279+5255, Astrophysics},
         year = "2006",
        month = "Nov",
       volume = {651},
       number = {1},
        pages = {46-50},
          doi = {10.1086/507677},
archivePrefix = {arXiv},
       eprint = {astro-ph/0607267},
 primaryClass = {astro-ph},
       adsurl = {https://ui.adsabs.harvard.edu/abs/2006ApJ...651...46W},
      adsnote = {Provided by the SAO/NASA Astrophysics Data System}
}

@ARTICLE{Bisbas2015,
       author = {{Bisbas}, Thomas G. and {Papadopoulos}, Padelis P. and {Viti}, Serena},
        title = "{Effective Destruction of CO by Cosmic Rays: Implications for Tracing H$_{2}$ Gas in the Universe}",
      journal = {\apj},
     keywords = {astrochemistry, cosmic rays, galaxies: ISM, ISM: abundances, methods: numerical, photon-dominated region: PDR, Astrophysics - Astrophysics of Galaxies},
         year = "2015",
        month = "Apr",
       volume = {803},
       number = {1},
          eid = {37},
        pages = {37},
          doi = {10.1088/0004-637X/803/1/37},
archivePrefix = {arXiv},
       eprint = {1502.04198},
 primaryClass = {astro-ph.GA},
       adsurl = {https://ui.adsabs.harvard.edu/abs/2015ApJ...803...37B},
      adsnote = {Provided by the SAO/NASA Astrophysics Data System}
}

@ARTICLE{Weiss2005,
       author = {{Wei{\ss}}, A. and {Downes}, D. and {Henkel}, C. and {Walter}, F.},
        title = "{Atomic carbon at redshift Ìƒ2.5}",
      journal = {\aap},
     keywords = {galaxies: formation, galaxies: high-redshift, galaxies: ISM, galaxies: individual: SMM J14011+0252, quasars: individual: Cloverleaf, IRAS F10214+4724, cosmology: observations, Astrophysics},
         year = "2005",
        month = "Jan",
       volume = {429},
        pages = {L25-L28},
          doi = {10.1051/0004-6361:200400085},
archivePrefix = {arXiv},
       eprint = {astro-ph/0409711},
 primaryClass = {astro-ph},
       adsurl = {https://ui.adsabs.harvard.edu/abs/2005A&A...429L..25W},
      adsnote = {Provided by the SAO/NASA Astrophysics Data System}
}

@ARTICLE{Walter2011,
       author = {{Walter}, F. and {Wei{\ss}}, A. and {Downes}, D. and {Decarli}, R. and
         {Henkel}, C.},
        title = "{A Survey of Atomic Carbon at High Redshift}",
      journal = {\apj},
     keywords = {cosmology: observations, galaxies: evolution, galaxies: formation, galaxies: starburst, infrared: galaxies, Astrophysics - Cosmology and Nongalactic Astrophysics},
         year = "2011",
        month = "Mar",
       volume = {730},
       number = {1},
          eid = {18},
        pages = {18},
          doi = {10.1088/0004-637X/730/1/18},
archivePrefix = {arXiv},
       eprint = {1101.4027},
 primaryClass = {astro-ph.CO},
       adsurl = {https://ui.adsabs.harvard.edu/abs/2011ApJ...730...18W},
      adsnote = {Provided by the SAO/NASA Astrophysics Data System}
}

@ARTICLE{Kopylov2006,
       author = {{Kopylov}, A.~I. and {Goss}, W.~M. and {Pari{\u{i}}ski{\u{i}}}, Yu. N. and
         {Soboleva}, N.~S. and {Verkhodanov}, O.~V. and {Temirova}, A.~V. and
         {Zhelenkova}, O.~P.},
        title = "{RC J0311+0507: A candidate for superpowerful radio galaxies in the early universe at redshift z = 4.514}",
      journal = {Astronomy Letters},
     keywords = {PACS numbers 98.54.Gr - 98.62.Qz - 98.62.Py, Astrophysics},
         year = "2006",
        month = "Jul",
       volume = {32},
       number = {7},
        pages = {433-438},
          doi = {10.1134/S1063773706070012},
archivePrefix = {arXiv},
       eprint = {0705.2971},
 primaryClass = {astro-ph},
       adsurl = {https://ui.adsabs.harvard.edu/abs/2006AstL...32..433K},
      adsnote = {Provided by the SAO/NASA Astrophysics Data System}
}


@ARTICLE{Parijskij2014,
       author = {{Parijskij}, Yu. N. and {Thomasson}, P. and {Kopylov}, A.~I. and
         {Zhelenkova}, O.~P. and {Muxlow}, T.~W.~B. and {Beswick}, R. and
         {Soboleva}, N.~S. and {Temirova}, A.~V. and {Verkhodanov}, O.~V.},
        title = "{Observations of the z = 4.514 radio galaxy RC J0311+0507}",
      journal = {\mnras},
     keywords = {galaxies: active, early Universe, radio continuum: galaxies},
         year = "2014",
        month = "Apr",
       volume = {439},
       number = {3},
        pages = {2314-2322},
          doi = {10.1093/mnras/stu047},
       adsurl = {https://ui.adsabs.harvard.edu/abs/2014MNRAS.439.2314P},
      adsnote = {Provided by the SAO/NASA Astrophysics Data System}
}


@ARTICLE{Bisbas2017,
       author = {{Bisbas}, Thomas G. and {van Dishoeck}, Ewine F. and
         {Papadopoulos}, Padelis P. and {Sz{\H{u}}cs}, L{\'a}szl{\'o} and
         {Bialy}, Shmuel and {Zhang}, Zhi-Yu},
        title = "{Cosmic-ray Induced Destruction of CO in Star-forming Galaxies}",
      journal = {\apj},
     keywords = {astrochemistry, cosmic rays, galaxies: ISM, ISM: abundances, methods: numerical, Astrophysics - Astrophysics of Galaxies, Astrophysics - Solar and Stellar Astrophysics},
         year = "2017",
        month = "Apr",
       volume = {839},
       number = {2},
          eid = {90},
        pages = {90},
          doi = {10.3847/1538-4357/aa696d},
archivePrefix = {arXiv},
       eprint = {1703.08598},
 primaryClass = {astro-ph.GA},
       adsurl = {https://ui.adsabs.harvard.edu/abs/2017ApJ...839...90B},
      adsnote = {Provided by the SAO/NASA Astrophysics Data System}
}

@ARTICLE{Papadopoulos2018,
       author = {{Papadopoulos}, Padelis P. and {Bisbas}, Thomas G. and {Zhang}, Zhi-Yu},
        title = "{New places and phases of CO-poor/C I-rich molecular gas in the Universe}",
      journal = {\mnras},
     keywords = {astrochemistry, radiative transfer, methods: numerical, cosmic rays, photodissociation region (PDR), galaxies: ISM, Astrophysics - Astrophysics of Galaxies},
         year = "2018",
        month = "Aug",
       volume = {478},
       number = {2},
        pages = {1716-1725},
          doi = {10.1093/mnras/sty1077},
archivePrefix = {arXiv},
       eprint = {1804.09654},
 primaryClass = {astro-ph.GA},
       adsurl = {https://ui.adsabs.harvard.edu/abs/2018MNRAS.478.1716P},
      adsnote = {Provided by the SAO/NASA Astrophysics Data System}
}

@ARTICLE{Kolwa2019,
       author = {{Kolwa}, S. and {Vernet}, J. and {De Breuck}, C. and
         {Villar-Mart{\'\i}n}, M. and {Humphrey}, A. and {Arrigoni-Battaia}, F. and
         {Gullberg}, B. and {Falkendal}, T. and {Drouart}, G. and
         {Lehnert}, M.~D. and {Wylezalek}, D. and {Man}, A.},
        title = "{MUSE unravels the ionisation and origin of metal-enriched absorbers in the gas halo of a z = 2.92 radio galaxy}",
      journal = {\aap},
     keywords = {galaxies: active, galaxies: individual: MRC 0943-242, galaxies: halos, ISM: jets and outflows, Astrophysics - Astrophysics of Galaxies},
         year = "2019",
        month = "May",
       volume = {625},
          eid = {A102},
        pages = {A102},
          doi = {10.1051/0004-6361/201935437},
archivePrefix = {arXiv},
       eprint = {1904.05114},
 primaryClass = {astro-ph.GA},
       adsurl = {https://ui.adsabs.harvard.edu/abs/2019A&A...625A.102K},
      adsnote = {Provided by the SAO/NASA Astrophysics Data System}
}

@ARTICLE{Emonts2011,
       author = {{Emonts}, B.~H.~C. and {Norris}, R.~P. and {Feain}, I. and {Miley}, G. and
         {Sadler}, E.~M. and {Villar-Mart{\'\i}n}, M. and {Mao}, M.~Y. and
         {Oosterloo}, T.~A. and {Ekers}, R.~D. and {Stevens}, J.~B. and
         {Wieringa}, M.~H. and {Coppin}, K.~E.~K. and {Tadhunter}, C.~N.},
        title = "{CO observations of high-z radio galaxies MRC 2104-242 and MRC 0943-242: spectral-line performance of the Compact Array Broadband Backend}",
      journal = {\mnras},
     keywords = {techniques: interferometric, galaxies: active, galaxies: high-redshift, galaxies: individual: MRC 0943-242, galaxies: individual: MRC 2104-242, galaxies: ISM, Astrophysics - Cosmology and Nongalactic Astrophysics},
         year = "2011",
        month = "Jul",
       volume = {415},
       number = {1},
        pages = {655-664},
          doi = {10.1111/j.1365-2966.2011.18737.x},
archivePrefix = {arXiv},
       eprint = {1103.5806},
 primaryClass = {astro-ph.CO},
       adsurl = {https://ui.adsabs.harvard.edu/abs/2011MNRAS.415..655E},
      adsnote = {Provided by the SAO/NASA Astrophysics Data System}
}

@ARTICLE{Ivison2012,
       author = {{Ivison}, R.~J. and {Smail}, Ian and {Amblard}, A. and {Arumugam}, V. and
         {De Breuck}, C. and {Emonts}, B.~H.~C. and {Feain}, I. and
         {Greve}, T.~R. and {Haas}, M. and {Ibar}, E. and {Jarvis}, M.~J. and
         {Kov{\'a}cs}, A. and {Lehnert}, M.~D. and {Nesvadba}, N.~P.~H. and
         {R{\"o}ttgering}, H.~J.~A. and {Seymour}, N. and {Wylezalek}, D.},
        title = "{Gas-rich mergers and feedback are ubiquitous amongst starbursting radio galaxies, as revealed by the VLA, IRAM PdBI and Herschel}",
      journal = {\mnras},
     keywords = {galaxies: active, galaxies: high-redshift, galaxies: starburst, infrared: galaxies, radio lines: galaxies, Astrophysics - Cosmology and Nongalactic Astrophysics},
         year = "2012",
        month = "Sep",
       volume = {425},
       number = {2},
        pages = {1320-1331},
          doi = {10.1111/j.1365-2966.2012.21544.x},
archivePrefix = {arXiv},
       eprint = {1206.4046},
 primaryClass = {astro-ph.CO},
       adsurl = {https://ui.adsabs.harvard.edu/abs/2012MNRAS.425.1320I},
      adsnote = {Provided by the SAO/NASA Astrophysics Data System}
}

@ARTICLE{falkendal2019-submitted, 
	author={{Falkendal}, T. and {Lehnert}, M.~D. and {Vernet}, J. and {Breuck} C.D.},
	year="2019", 
	title="ALMA and MUSE observations reveal a quiescent multi-phase
circum-galactic medium around the z=3.6 radio galaxy 4C 19.71",
	note="submitted", 
      journal = {\aap}
}
