% CHAPTER TWO Citations

@ARTICLE{gendre2013,
   author = {{Gendre}, M.~A. and {Best}, P.~N. and {Wall}, J.~V. and {Ker}, L.~M.
	},
    title = "{The relation between morphology, accretion modes and environmental factors in local radio AGN}",
  journal = {\mnras},
archivePrefix = "arXiv",
   eprint = {1301.1526},
 keywords = {catalogues, galaxies: active, galaxies: luminosity function, mass function, galaxies: statistics, radio continuum: galaxies},
     year = 2013,
    month = apr,
   volume = 430,
    pages = {3086-3101},
      doi = {10.1093/mnras/stt116},
   adsurl = {http://adsabs.harvard.edu/abs/2013MNRAS.430.3086G},
  adsnote = {Provided by the SAO/NASA Astrophysics Data System}
}

@ARTICLE{best2004,
   author = {{Best}, P.~N.},
    title = "{The environmental dependence of radio-loud AGN activity and star formation in the 2dFGRS}",
  journal = {\mnras},
   eprint = {astro-ph/0402523},
 keywords = {galaxies: active, galaxies: evolution, galaxies: starburst, radio continuum: galaxies},
     year = 2004,
    month = jun,
   volume = 351,
    pages = {70-82},
      doi = {10.1111/j.1365-2966.2004.07752.x},
   adsurl = {http://adsabs.harvard.edu/abs/2004MNRAS.351...70B},
  adsnote = {Provided by the SAO/NASA Astrophysics Data System}
}

@ARTICLE{ellison2011,
   author = {{Ellison}, S.~L. and {Patton}, D.~R. and {Mendel}, J.~T. and 
	{Scudder}, J.~M.},
    title = "{Galaxy pairs in the Sloan Digital Sky Survey - IV. Interactions trigger active galactic nuclei}",
  journal = {\mnras},
archivePrefix = "arXiv",
   eprint = {1108.2711},
 keywords = {galaxies: active, galaxies: interactions},
     year = 2011,
    month = dec,
   volume = 418,
    pages = {2043-2053},
      doi = {10.1111/j.1365-2966.2011.19624.x},
   adsurl = {http://adsabs.harvard.edu/abs/2011MNRAS.418.2043E},
  adsnote = {Provided by the SAO/NASA Astrophysics Data System}
}

@Article{treister2012,
   author = {{Treister}, E. and {Schawinski}, K. and {Urry}, C.~M. and {Simmons}, B.~D.
  },
    title = "{Major Galaxy Mergers Only Trigger the Most Luminous Active Galactic Nuclei}",
  journal = {\apjl},
archivePrefix = "arXiv",
   eprint = {1209.5393},
 keywords = {galaxies: active, galaxies: interactions, galaxies: Seyfert, X-rays: diffuse background, X-rays: galaxies},
     year = 2012,
    month = oct,
   volume = 758,
      eid = {L39},
    pages = {L39},
      doi = {10.1088/2041-8205/758/2/L39},
   adsurl = {http://adsabs.harvard.edu/abs/2012ApJ...758L..39T},
  adsnote = {Provided by the SAO/NASA Astrophysics Data System}
}

@Article{silverman2011,
author = {{Silverman}, J.~D. and {Kampczyk}, P. and {Jahnke}, K. and {Andrae}, R. and 
  {Lilly}, S.~J. and {Elvis}, M. and {Civano}, F. and {Mainieri}, V. and 
  {Vignali}, C. and {Zamorani}, G. and {Nair}, P. and {Le F{\`e}vre}, O. and 
  {de Ravel}, L. and {Bardelli}, S. and {Bongiorno}, A. and {Bolzonella}, M. and 
  {Cappi}, A. and {Caputi}, K. and {Carollo}, C.~M. and {Contini}, T. and 
  {Coppa}, G. and {Cucciati}, O. and {de la Torre}, S. and {Franzetti}, P. and 
  {Garilli}, B. and {Halliday}, C. and {Hasinger}, G. and {Iovino}, A. and 
  {Knobel}, C. and {Koekemoer}, A.~M. and {Kova{\v c}}, K. and 
  {Lamareille}, F. and {Le Borgne}, J.-F. and {Le Brun}, V. and 
  {Maier}, C. and {Mignoli}, M. and {Pello}, R. and {P{\'e}rez-Montero}, E. and 
  {Ricciardelli}, E. and {Peng}, Y. and {Scodeggio}, M. and {Tanaka}, M. and 
  {Tasca}, L. and {Tresse}, L. and {Vergani}, D. and {Zucca}, E. and 
  {Brusa}, M. and {Cappelluti}, N. and {Comastri}, A. and {Finoguenov}, A. and 
  {Fu}, H. and {Gilli}, R. and {Hao}, H. and {Ho}, L.~C. and {Salvato}, M.
  },
    title = "{The Impact of Galaxy Interactions on Active Galactic Nucleus Activity in zCOSMOS}",
  journal = {\apj},
archivePrefix = "arXiv",
   eprint = {1109.1292},
 keywords = {galaxies: active, galaxies: interactions, quasars: general, X-rays: galaxies},
     year = 2011,
    month = dec,
   volume = 743,
      eid = {2},
    pages = {2},
      doi = {10.1088/0004-637X/743/1/2},
   adsurl = {http://adsabs.harvard.edu/abs/2011ApJ...743....2S},
  adsnote = {Provided by the SAO/NASA Astrophysics Data System}
}

@Article{manzer2014,
 author = {{Manzer}, L.~H. and {De Robertis}, M.~M.},
    title = "{The Effects of the Local Environment on Active Galactic Nuclei}",
  journal = {\apj},
 keywords = {galaxies: active, galaxies: interactions, galaxies: statistics},
     year = 2014,
    month = jun,
   volume = 788,
      eid = {140},
    pages = {140},
      doi = {10.1088/0004-637X/788/2/140},
   adsurl = {http://adsabs.harvard.edu/abs/2014ApJ...788..140M},
  adsnote = {Provided by the SAO/NASA Astrophysics Data System}
}

@Article{hwang2012,
author = {{Hwang}, H.~S. and {Park}, C. and {Elbaz}, D. and {Choi}, Y.-Y.
  },
    title = "{Activity in galactic nuclei of cluster and field galaxies in the local universe}",
  journal = {\aap},
archivePrefix = "arXiv",
   eprint = {1111.1973},
 keywords = {galaxies: active, galaxies: clusters: general, galaxies: evolution, galaxies: formation, galaxies: general, galaxies: interactions},
     year = 2012,
    month = feb,
   volume = 538,
      eid = {A15},
    pages = {A15},
      doi = {10.1051/0004-6361/201117351},
   adsurl = {http://adsabs.harvard.edu/abs/2012A%26A...538A..15H},
  adsnote = {Provided by the SAO/NASA Astrophysics Data System}
}

@ARTICLE{gavazzi1996,
       author = {{Gavazzi}, G. and {Pierini}, D. and {Baffa}, C. and {Lisi}, F. and
        {Hunt}, L.~K. and {Randone}, I. and {Boselli}, A.},
        title = "{1.65{\ensuremath{\mu}}m (H-band) surface photometry of galaxies. II.
        Observations of 297 galaxies with the TIRGO 1.5m telescope.}",
      journal = {Astronomy and Astrophysics Supplement Series},
     keywords = {GALAXIES: FUNDAMENTAL PARAMETERS, GALAXIES: PHOTOMETRY, INFRARED:
        GALAXIES},
         year = 1996,
        month = Dec,
       volume = {120},
        pages = {521-578},
       adsurl = {https://ui.adsabs.harvard.edu/#abs/1996A&AS..120..521G},
      adsnote = {Provided by the SAO/NASA Astrophysics Data System}
}



@Article{lawrence2007, 
author = {{Lawrence}, A. and {Warren}, S.~J. and {Almaini}, O. and {Edge}, A.~C. and 
  {Hambly}, N.~C. and {Jameson}, R.~F. and {Lucas}, P. and {Casali}, M. and 
  {Adamson}, A. and {Dye}, S. and {Emerson}, J.~P. and {Foucaud}, S. and 
  {Hewett}, P. and {Hirst}, P. and {Hodgkin}, S.~T. and {Irwin}, M.~J. and 
  {Lodieu}, N. and {McMahon}, R.~G. and {Simpson}, C. and {Smail}, I. and 
  {Mortlock}, D. and {Folger}, M.},
    title = "{The UKIRT Infrared Deep Sky Survey (UKIDSS)}",
  journal = {\mnras},
   eprint = {astro-ph/0604426},
 keywords = {surveys, infrared: general},
     year = 2007,
    month = aug,
   volume = 379,
    pages = {1599-1617},
      doi = {10.1111/j.1365-2966.2007.12040.x},
   adsurl = {http://adsabs.harvard.edu/abs/2007MNRAS.379.1599L},
  adsnote = {Provided by the SAO/NASA Astrophysics Data System}
}

@Article{sorrentino2006,
author = {{Sorrentino}, G. and {Radovich}, M. and {Rifatto}, A.},
    title = "{The environment of active galaxies in the SDSS-DR4}",
  journal = {\aap},
   eprint = {astro-ph/0601385},
 keywords = {galaxies: active, galaxies: Seyfert, galaxies: starburst},
     year = 2006,
    month = jun,
   volume = 451,
    pages = {809-816},
      doi = {10.1051/0004-6361:20054354},
   adsurl = {http://adsabs.harvard.edu/abs/2006A%26A...451..809S},
  adsnote = {Provided by the SAO/NASA Astrophysics Data System}
}

@Article{tasse2011,
author = {{Tasse}, C. and {R{\"o}ttgering}, H. and {Best}, P.~N.},
    title = "{The dependence of X-ray AGN activity on host galaxy properties and environment}",
  journal = {\aap},
 keywords = {galaxies: active, galaxies: fundamental parameters, quasars: emission lines, X-rays: galaxies, large-scale structure of Universe},
     year = 2011,
    month = jan,
   volume = 525,
      eid = {A127},
    pages = {A127},
      doi = {10.1051/0004-6361/200811129},
   adsurl = {http://adsabs.harvard.edu/abs/2011A%26A...525A.127T},
  adsnote = {Provided by the SAO/NASA Astrophysics Data System}
}

@Article{miller2003,
author = {{Miller}, C.~J. and {Nichol}, R.~C. and {G{\'o}mez}, P.~L. and 
  {Hopkins}, A.~M. and {Bernardi}, M.},
    title = "{The Environment of Active Galactic Nuclei in the Sloan Digital Sky Survey}",
  journal = {\apj},
   eprint = {astro-ph/0307124},
 keywords = {Galaxies: Active, Galaxies: Clusters: General, Galaxies: Evolution, Galaxies: Stellar Content, Stars: Formation, Surveys},
     year = 2003,
    month = nov,
   volume = 597,
    pages = {142-156},
      doi = {10.1086/378383},
   adsurl = {http://adsabs.harvard.edu/abs/2003ApJ...597..142M},
  adsnote = {Provided by the SAO/NASA Astrophysics Data System}
}

@Article{sabater2013,
author = {{Sabater}, J. and {Best}, P.~N. and {Argudo-Fern{\'a}ndez}, M.
  },
    title = "{Effect of the interactions and environment on nuclear activity}",
  journal = {\mnras},
archivePrefix = "arXiv",
   eprint = {1212.4836},
 keywords = {catalogues, galaxies: active, galaxies: evolution, galaxies: interactions, radio continuum: galaxies},
     year = 2013,
    month = mar,
   volume = 430,
    pages = {638-651},
      doi = {10.1093/mnras/sts675},
   adsurl = {http://adsabs.harvard.edu/abs/2013MNRAS.430..638S},
  adsnote = {Provided by the SAO/NASA Astrophysics Data System}
}

@Article{best2012,
author = {{Best}, P.~N. and {Heckman}, T.~M.},
    title = "{On the fundamental dichotomy in the local radio-AGN population: accretion, evolution and host galaxy properties}",
  journal = {\mnras},
archivePrefix = "arXiv",
   eprint = {1201.2397},
 keywords = {accretion, accretion discs, black hole physics, galaxies: active, galaxies: jets, radio continuum: galaxies},
     year = 2012,
    month = apr,
   volume = 421,
    pages = {1569-1582},
      doi = {10.1111/j.1365-2966.2012.20414.x},
   adsurl = {http://adsabs.harvard.edu/abs/2012MNRAS.421.1569B},
  adsnote = {Provided by the SAO/NASA Astrophysics Data System}
}

@Article{cisternas2011,
author = {{Cisternas}, M. and {Jahnke}, K. and {Inskip}, K.~J. and {Kartaltepe}, J. and 
  {Koekemoer}, A.~M. and {Lisker}, T. and {Robaina}, A.~R. and 
  {Scodeggio}, M. and {Sheth}, K. and {Trump}, J.~R. and {Andrae}, R. and 
  {Miyaji}, T. and {Lusso}, E. and {Brusa}, M. and {Capak}, P. and 
  {Cappelluti}, N. and {Civano}, F. and {Ilbert}, O. and {Impey}, C.~D. and 
  {Leauthaud}, A. and {Lilly}, S.~J. and {Salvato}, M. and {Scoville}, N.~Z. and 
  {Taniguchi}, Y.},
    title = "{The Bulk of the Black Hole Growth Since z \~{} 1 Occurs in a Secular Universe: No Major Merger-AGN Connection}",
  journal = {\apj},
archivePrefix = "arXiv",
   eprint = {1009.3265},
 primaryClass = "astro-ph.CO",
 keywords = {galaxies: active, galaxies: evolution, galaxies: interactions, quasars: general},
     year = 2011,
    month = jan,
   volume = 726,
      eid = {57},
    pages = {57},
      doi = {10.1088/0004-637X/726/2/57},
   adsurl = {http://adsabs.harvard.edu/abs/2011ApJ...726...57C},
  adsnote = {Provided by the SAO/NASA Astrophysics Data System}
}


@Article{janssen2012,
author = {{Janssen}, R.~M.~J. and {R{\"o}ttgering}, H.~J.~A. and {Best}, P.~N. and 
  {Brinchmann}, J.},
    title = "{The triggering probability of radio-loud AGN. A comparison of high and low excitation radio galaxies in hosts of different colors}",
  journal = {\aap},
archivePrefix = "arXiv",
   eprint = {1206.0578},
 primaryClass = "astro-ph.CO",
 keywords = {galaxies: active, galaxies: statistics, radio continuum: galaxies},
     year = 2012,
    month = may,
   volume = 541,
      eid = {A62},
    pages = {A62},
      doi = {10.1051/0004-6361/201219052},
   adsurl = {http://adsabs.harvard.edu/abs/2012A%26A...541A..62J},
  adsnote = {Provided by the SAO/NASA Astrophysics Data System}
}



@Article{kocevski2012,
author = {{Kocevski}, D.~D. and {Faber}, S.~M. and {Mozena}, M. and {Koekemoer}, A.~M. and 
  {Nandra}, K. and {Rangel}, C. and {Laird}, E.~S. and {Brusa}, M. and 
  {Wuyts}, S. and {Trump}, J.~R. and {Koo}, D.~C. and {Somerville}, R.~S. and 
  {Bell}, E.~F. and {Lotz}, J.~M. and {Alexander}, D.~M. and {Bournaud}, F. and 
  {Conselice}, C.~J. and {Dahlen}, T. and {Dekel}, A. and {Donley}, J.~L. and 
  {Dunlop}, J.~S. and {Finoguenov}, A. and {Georgakakis}, A. and 
  {Giavalisco}, M. and {Guo}, Y. and {Grogin}, N.~A. and {Hathi}, N.~P. and 
  {Juneau}, S. and {Kartaltepe}, J.~S. and {Lucas}, R.~A. and 
  {McGrath}, E.~J. and {McIntosh}, D.~H. and {Mobasher}, B. and 
  {Robaina}, A.~R. and {Rosario}, D. and {Straughn}, A.~N. and 
  {van der Wel}, A. and {Villforth}, C.},
    title = "{CANDELS: Constraining the AGN-Merger Connection with Host Morphologies at z \~{} 2}",
  journal = {\apj},
archivePrefix = "arXiv",
   eprint = {1109.2588},
 keywords = {galaxies: active, galaxies: evolution, X-rays: galaxies},
     year = 2012,
    month = jan,
   volume = 744,
      eid = {148},
    pages = {148},
      doi = {10.1088/0004-637X/744/2/148},
   adsurl = {http://adsabs.harvard.edu/abs/2012ApJ...744..148K},
  adsnote = {Provided by the SAO/NASA Astrophysics Data System}
}


@Article{malavasi2015,
 author = {{Malavasi}, N. and {Bardelli}, S. and {Ciliegi}, P. and {Ilbert}, O. and 
  {Pozzetti}, L. and {Zucca}, E.},
    title = "{The environment of radio sources in the VLA-COSMOS survey field}",
  journal = {\aap},
archivePrefix = "arXiv",
   eprint = {1501.03503},
 keywords = {galaxies: active, galaxies: evolution, galaxies: formation, galaxies: clusters: general, galaxies: star formation, galaxies: luminosity function, mass function},
     year = 2015,
    month = apr,
   volume = 576,
      eid = {A101},
    pages = {A101},
      doi = {10.1051/0004-6361/201425155},
   adsurl = {http://adsabs.harvard.edu/abs/2015A%26A...576A.101M},
  adsnote = {Provided by the SAO/NASA Astrophysics Data System}
}



@Article{reis2012, 
author = {{Reis}, R.~R.~R. and {Soares-Santos}, M. and {Annis}, J. and 
  {Dodelson}, S. and {Hao}, J. and {Johnston}, D. and {Kubo}, J. and 
  {Lin}, H. and {Seo}, H.-J. and {Simet}, M.},
    title = "{The Sloan Digital Sky Survey Co-add: A Galaxy Photometric Redshift Catalog}",
  journal = {\apj},
archivePrefix = "arXiv",
   eprint = {1111.6620},
 primaryClass = "astro-ph.CO",
 keywords = {catalogs, galaxies: distances and redshifts},
     year = 2012,
    month = mar,
   volume = 747,
      eid = {59},
    pages = {59},
      doi = {10.1088/0004-637X/747/1/59},
   adsurl = {http://adsabs.harvard.edu/abs/2012ApJ...747...59R},
  adsnote = {Provided by the SAO/NASA Astrophysics Data System}
}


@Article{tasse2008a, 
author = {{Tasse}, C. and {Le Borgne}, D. and {R{\"o}ttgering}, H. and 
  {Best}, P.~N. and {Pierre}, M. and {Rocca-Volmerange}, B.},
    title = "{Radio-loud AGN in the XMM-LSS field. I. Optical identification and sample selection}",
  journal = {\aap},
 keywords = {methods: observational, techniques: photometric, galaxies: active, galaxies: fundamental parameters, cosmology: observations, radio continuum: galaxies},
     year = 2008,
    month = nov,
   volume = 490,
    pages = {879-891},
      doi = {10.1051/0004-6361:20078453},
   adsurl = {http://adsabs.harvard.edu/abs/2008A%26A...490..879T},
  adsnote = {Provided by the SAO/NASA Astrophysics Data System}
}


@Article{hardcastle2007a, 
author = {{Hardcastle}, M.~J. and {Evans}, D.~A. and {Croston}, J.~H.},
    title = "{Hot and cold gas accretion and feedback in radio-loud active galaxies}",
  journal = {\mnras},
   eprint = {astro-ph/0701857},
 keywords = {galaxies: active, X-rays: galaxies},
     year = 2007,
    month = apr,
   volume = 376,
    pages = {1849-1856},
      doi = {10.1111/j.1365-2966.2007.11572.x},
   adsurl = {http://adsabs.harvard.edu/abs/2007MNRAS.376.1849H},
  adsnote = {Provided by the SAO/NASA Astrophysics Data System}
}

@Article{wright2010, 
author = {{Wright}, E.~L. and {Eisenhardt}, P.~R.~M. and {Mainzer}, A.~K. and 
  {Ressler}, M.~E. and {Cutri}, R.~M. and {Jarrett}, T. and {Kirkpatrick}, J.~D. and 
  {Padgett}, D. and {McMillan}, R.~S. and {Skrutskie}, M. and 
  {Stanford}, S.~A. and {Cohen}, M. and {Walker}, R.~G. and {Mather}, J.~C. and 
  {Leisawitz}, D. and {Gautier}, III, T.~N. and {McLean}, I. and 
  {Benford}, D. and {Lonsdale}, C.~J. and {Blain}, A. and {Mendez}, B. and 
  {Irace}, W.~R. and {Duval}, V. and {Liu}, F. and {Royer}, D. and 
  {Heinrichsen}, I. and {Howard}, J. and {Shannon}, M. and {Kendall}, M. and 
  {Walsh}, A.~L. and {Larsen}, M. and {Cardon}, J.~G. and {Schick}, S. and 
  {Schwalm}, M. and {Abid}, M. and {Fabinsky}, B. and {Naes}, L. and 
  {Tsai}, C.-W.},
    title = "{The Wide-field Infrared Survey Explorer (WISE): Mission Description and Initial On-orbit Performance}",
  journal = {\aj},
archivePrefix = "arXiv",
   eprint = {1008.0031},
 primaryClass = "astro-ph.IM",
 keywords = {infrared: general, space vehicles, surveys},
     year = 2010,
    month = dec,
   volume = 140,
    pages = {1868-1881},
      doi = {10.1088/0004-6256/140/6/1868},
   adsurl = {http://adsabs.harvard.edu/abs/2010AJ....140.1868W},
  adsnote = {Provided by the SAO/NASA Astrophysics Data System}
}


@Article{hinshaw2013,
author = {{Hinshaw}, G. and {Larson}, D. and {Komatsu}, E. and {Spergel}, D.~N. and 
  {Bennett}, C.~L. and {Dunkley}, J. and {Nolta}, M.~R. and {Halpern}, M. and 
  {Hill}, R.~S. and {Odegard}, N. and {Page}, L. and {Smith}, K.~M. and 
  {Weiland}, J.~L. and {Gold}, B. and {Jarosik}, N. and {Kogut}, A. and 
  {Limon}, M. and {Meyer}, S.~S. and {Tucker}, G.~S. and {Wollack}, E. and 
  {Wright}, E.~L.},
    title = "{Nine-year Wilkinson Microwave Anisotropy Probe (WMAP) Observations: Cosmological Parameter Results}",
  journal = {\apjs},
archivePrefix = "arXiv",
   eprint = {1212.5226},
 keywords = {cosmic background radiation, cosmology: observations, dark matter, early universe, instrumentation: detectors, space vehicles, space vehicles: instruments, telescopes },
     year = 2013,
    month = oct,
   volume = 208,
      eid = {19},
    pages = {19},
      doi = {10.1088/0067-0049/208/2/19},
   adsurl = {http://adsabs.harvard.edu/abs/2013ApJS..208...19H},
  adsnote = {Provided by the SAO/NASA Astrophysics Data System}
}



@Article{heywood2016, 
 author = {{Heywood}, I. and {Jarvis}, M.~J. and {Baker}, A.~J. and {Bannister}, K.~W. and 
  {Carvalho}, C.~S. and {Hardcastle}, M. and {Hilton}, M. and 
  {Moodley}, K. and {Smirnov}, O.~M. and {Smith}, D.~J.~B. and 
  {White}, S.~V. and {Wollack}, E.~J.},
    title = "{A deep/wide 1-2 GHz snapshot survey of SDSS Stripe 82 using the Karl G. Jansky Very Large Array in a compact hybrid configuration}",
  journal = {\mnras},
archivePrefix = "arXiv",
   eprint = {1605.09079},
 primaryClass = "astro-ph.IM",
 keywords = {surveys, radio continuum: general},
     year = 2016,
    month = aug,
   volume = 460,
    pages = {4433-4452},
      doi = {10.1093/mnras/stw1250},
   adsurl = {http://adsabs.harvard.edu/abs/2016MNRAS.460.4433H},
  adsnote = {Provided by the SAO/NASA Astrophysics Data System}
}



@Article{wong2010,
author = {{Wong}, K. and {Blanton}, M. and {Burles}, S. and {Coil}, A. and 
  {Cool}, R. and {Eisenstein}, D. and {Moustakas}, J. and {Rujopakarn}, W. and 
  {Zhu}, G.},
    title = "{The Prism Multi-Object Survey (PRIMUS)}",
booktitle = {Galaxy Wars: Stellar Populations and Star Formation in Interacting Galaxies},
     year = 2010,
   series = {Astronomical Society of the Pacific Conference Series},
   volume = 423,
   editor = {{Smith}, B. and {Higdon}, J. and {Higdon}, S. and {Bastian}, N.
  },
    month = jun,
    pages = {297},
   adsurl = {http://adsabs.harvard.edu/abs/2010ASPC..423..297W},
  adsnote = {Provided by the SAO/NASA Astrophysics Data System}
}

@misc{mohan2015, 
author = {{Mohan}, N. and {Rafferty}, D.},
    title = "{PyBDSF: Python Blob Detection and Source Finder}",
 keywords = {Software},
howpublished = {Astrophysics Source Code Library},
     year = 2015,
    month = feb,
archivePrefix = "ascl",
   eprint = {1502.007},
   adsurl = {http://adsabs.harvard.edu/abs/2015ascl.soft02007M},
  adsnote = {Provided by the SAO/NASA Astrophysics Data System}
}

@Article{eddington1913,
author = {{Eddington}, A.~S.},
    title = "{On a formula for correcting statistics for the effects of a known error of observation}",
  journal = {\mnras},
     year = 1913,
    month = mar,
   volume = 73,
    pages = {359-360},
      doi = {10.1093/mnras/73.5.359},
   adsurl = {http://adsabs.harvard.edu/abs/1913MNRAS..73..359E},
  adsnote = {Provided by the SAO/NASA Astrophysics Data System}
}


@Article{urry1995,
 author = {{Urry}, C.~M. and {Padovani}, P.},
    title = "{Unified Schemes for Radio-Loud Active Galactic Nuclei}",
  journal = {\pasp},
   eprint = {astro-ph/9506063},
 keywords = {GALAXIES: ACTIVE, GALAXIES: FUNDAMENTAL PARAMETERS},
     year = 1995,
    month = sep,
   volume = 107,
    pages = {803},
      doi = {10.1086/133630},
   adsurl = {http://adsabs.harvard.edu/abs/1995PASP..107..803U},
  adsnote = {Provided by the SAO/NASA Astrophysics Data System}
}



@Article{krawczynski2013,
author = {{Krawczynski}, H. and {Treister}, E.},
    title = "{Active galactic nuclei {\mdash} the physics of individual sources and the cosmic history of formation and evolution}",
  journal = {Frontiers of Physics},
archivePrefix = "arXiv",
   eprint = {1301.4179},
 primaryClass = "astro-ph.CO",
 keywords = {active galactic nuclei (AGNs), black hole accretion, relativistic jets, cosmological evolution},
     year = 2013,
    month = dec,
   volume = 8,
    pages = {609-629},
      doi = {10.1007/s11467-013-0310-3},
   adsurl = {http://adsabs.harvard.edu/abs/2013FrPhy...8..609K},
  adsnote = {Provided by the SAO/NASA Astrophysics Data System}
}

@Article{whysong2004, 
author = {{Whysong}, D. and {Antonucci}, R.},
    title = "{Thermal Emission as a Test for Hidden Nuclei in Nearby Radio Galaxies}",
  journal = {\apj},
   eprint = {astro-ph/0207385},
 keywords = {Galaxies: Active, Galaxies: Individual: Name: Centaurus A, Galaxies: Individual: Messier Number: M87, Galaxies: Individual: Alphanumeric: 3C 273, Galaxies: Individual: Alphanumeric: 3C 405, Infrared: Galaxies},
     year = 2004,
    month = feb,
   volume = 602,
    pages = {116-122},
      doi = {10.1086/380828},
   adsurl = {http://adsabs.harvard.edu/abs/2004ApJ...602..116W},
  adsnote = {Provided by the SAO/NASA Astrophysics Data System}
}

@Article{ogle2006, 
author = {{Ogle}, P. and {Whysong}, D. and {Antonucci}, R.},
    title = "{Spitzer Reveals Hidden Quasar Nuclei in Some Powerful FR II Radio Galaxies}",
  journal = {\apj},
   eprint = {astro-ph/0601485},
 keywords = {Galaxies: Active, Galaxies: Jets, Infrared: Galaxies, Galaxies: Quasars: General},
     year = 2006,
    month = aug,
   volume = 647,
    pages = {161-171},
      doi = {10.1086/505337},
   adsurl = {http://adsabs.harvard.edu/abs/2006ApJ...647..161O},
  adsnote = {Provided by the SAO/NASA Astrophysics Data System}
}



@Article{mateos2012,
author = {{Mateos}, S. and {Alonso-Herrero}, A. and {Carrera}, F.~J. and 
  {Blain}, A. and {Watson}, M.~G. and {Barcons}, X. and {Braito}, V. and 
  {Severgnini}, P. and {Donley}, J.~L. and {Stern}, D.},
    title = "{Using the Bright Ultrahard XMM-Newton survey to define an IR selection of luminous AGN based on WISE colours}",
  journal = {\mnras},
archivePrefix = "arXiv",
   eprint = {1208.2530},
 keywords = {galaxies: active, quasars: general, infrared: galaxies},
     year = 2012,
    month = nov,
   volume = 426,
    pages = {3271-3281},
      doi = {10.1111/j.1365-2966.2012.21843.x},
   adsurl = {http://adsabs.harvard.edu/abs/2012MNRAS.426.3271M},
  adsnote = {Provided by the SAO/NASA Astrophysics Data System}
}


@Article{antonucci1993,
author = {{Antonucci}, R.},
    title = "{Unified models for active galactic nuclei and quasars}",
  journal = {\araa},
 keywords = {Active Galactic Nuclei, Astronomical Polarimetry, Quasars, Radio Galaxies, Astronomical Spectroscopy, Bl Lacertae Objects, Blazars},
     year = 1993,
   volume = 31,
    pages = {473-521},
      doi = {10.1146/annurev.aa.31.090193.002353},
   adsurl = {http://adsabs.harvard.edu/abs/1993ARA%26A..31..473A},
  adsnote = {Provided by the SAO/NASA Astrophysics Data System}
}



@Article{jones2015,
author = {{Jones}, S.~F. and {Blain}, A.~W. and {Lonsdale}, C. and {Condon}, J. and 
  {Farrah}, D. and {Stern}, D. and {Tsai}, C.-W. and {Assef}, R.~J. and 
  {Bridge}, C. and {Kimball}, A. and {Lacy}, M. and {Eisenhardt}, P. and 
  {Wu}, J. and {Jarrett}, T.},
    title = "{Submillimetre observations of WISE/radio-selected AGN and their environments}",
  journal = {\mnras},
archivePrefix = "arXiv",
   eprint = {1503.02561},
 keywords = {galaxies: active, galaxies: clusters: general, galaxies: high-redshift, quasars: general, infrared: galaxies, submillimetre: galaxies},
     year = 2015,
    month = apr,
   volume = 448,
    pages = {3325-3338},
      doi = {10.1093/mnras/stv214},
   adsurl = {http://adsabs.harvard.edu/abs/2015MNRAS.448.3325J},
  adsnote = {Provided by the SAO/NASA Astrophysics Data System}
}



@Article{caccianiga2015, 
 author = {{Caccianiga}, A. and {Ant{\'o}n}, S. and {Ballo}, L. and {Foschini}, L. and 
  {Maccacaro}, T. and {Della Ceca}, R. and {Severgnini}, P. and 
  {March{\~a}}, M.~J. and {Mateos}, S. and {Sani}, E.},
    title = "{WISE colours and star formation in the host galaxies of radio-loud narrow-line Seyfert 1}",
  journal = {\mnras},
archivePrefix = "arXiv",
   eprint = {1504.07068},
 keywords = {galaxies: active, galaxies: jets, galaxies: nuclei, galaxies: starburst},
     year = 2015,
    month = aug,
   volume = 451,
    pages = {1795-1805},
      doi = {10.1093/mnras/stv939},
   adsurl = {http://adsabs.harvard.edu/abs/2015MNRAS.451.1795C},
  adsnote = {Provided by the SAO/NASA Astrophysics Data System}
}



@Article{gavazzi1993,
author = {{Gavazzi}, G.},
    title = "{Colors, Luminosities, and Masses of Disk Galaxies}",
  journal = {\apj},
 keywords = {GALAXIES: FORMATION, GALAXIES: STELLAR CONTENT},
     year = 1993,
    month = dec,
   volume = 419,
    pages = {469},
      doi = {10.1086/173500},
   adsurl = {http://adsabs.harvard.edu/abs/1993ApJ...419..469G},
  adsnote = {Provided by the SAO/NASA Astrophysics Data System}
}



@Article{alexander2011,
author = {{Alexander}, D.~M. and {Bauer}, F.~E. and {Brandt}, W.~N. and 
  {Daddi}, E. and {Hickox}, R.~C. and {Lehmer}, B.~D. and {Luo}, B. and 
  {Xue}, Y.~Q. and {Young}, M. and {Comastri}, A. and {Del Moro}, A. and 
  {Fabian}, A.~C. and {Gilli}, R. and {Goulding}, A.~D. and {Mainieri}, V. and 
  {Mullaney}, J.~R. and {Paolillo}, M. and {Rafferty}, D.~A. and 
  {Schneider}, D.~P. and {Shemmer}, O. and {Vignali}, C.},
    title = "{X-Ray Spectral Constraints for z {\ap} 2 Massive Galaxies: The Identification of Reflection-dominated Active Galactic Nuclei}",
  journal = {\apj},
archivePrefix = "arXiv",
   eprint = {1106.1443},
 keywords = {galaxies: active, galaxies: high-redshift, infrared: galaxies, ultraviolet: galaxies, X-rays: galaxies},
     year = 2011,
    month = sep,
   volume = 738,
      eid = {44},
    pages = {44},
      doi = {10.1088/0004-637X/738/1/44},
   adsurl = {http://adsabs.harvard.edu/abs/2011ApJ...738...44A},
  adsnote = {Provided by the SAO/NASA Astrophysics Data System}
}



@Article{dressler1980,
author = {{Dressler}, A.},
    title = "{Galaxy morphology in rich clusters - Implications for the formation and evolution of galaxies}",
  journal = {\apj},
 keywords = {Elliptical Galaxies, Galactic Clusters, Galactic Evolution, Galactic Structure, Spiral Galaxies, Astronomical Maps, Density Distribution, Interstellar Gas, Telescopes, Universe, X Ray Astronomy},
     year = 1980,
    month = mar,
   volume = 236,
    pages = {351-365},
      doi = {10.1086/157753},
   adsurl = {http://adsabs.harvard.edu/abs/1980ApJ...236..351D},
  adsnote = {Provided by the SAO/NASA Astrophysics Data System}
}


@Article{prescott2016,
author = {{Prescott}, M. and {Mauch}, T. and {Jarvis}, M.~J. and {McAlpine}, K. and 
  {Smith}, D.~J.~B. and {Fine}, S. and {Johnston}, R. and {Hardcastle}, M.~J. and 
  {Baldry}, I.~K. and {Brough}, S. and {Brown}, M.~J.~I. and {Bremer}, M.~N. and 
  {Driver}, S.~P. and {Hopkins}, A.~M. and {Kelvin}, L.~S. and 
  {Loveday}, J. and {Norberg}, P. and {Obreschkow}, D. and {Sadler}, E.~M.
  },
    title = "{Galaxy And Mass Assembly (GAMA): the 325 MHz radio luminosity function of AGN and star-forming galaxies}",
  journal = {\mnras},
archivePrefix = "arXiv",
   eprint = {1601.00003},
 keywords = {surveys, galaxies: active, galaxies: evolution, galaxies: formation, radio continuum: galaxies},
     year = 2016,
    month = mar,
   volume = 457,
    pages = {730-744},
      doi = {10.1093/mnras/stv3020},
   adsurl = {http://adsabs.harvard.edu/abs/2016MNRAS.457..730P},
  adsnote = {Provided by the SAO/NASA Astrophysics Data System}
}



@Article{cooper2005, 
author = {{Cooper}, M.~C. and {Newman}, J.~A. and {Madgwick}, D.~S. and 
  {Gerke}, B.~F. and {Yan}, R. and {Davis}, M.},
    title = "{Measuring Galaxy Environments with Deep Redshift Surveys}",
  journal = {\apj},
   eprint = {astro-ph/0506518},
 keywords = {Galaxies: High-Redshift, Galaxies: Statistics, Cosmology: Large-Scale Structure of Universe, Methods: Data Analysis, Methods: Statistical, Surveys},
     year = 2005,
    month = dec,
   volume = 634,
    pages = {833-848},
      doi = {10.1086/432868},
   adsurl = {http://adsabs.harvard.edu/abs/2005ApJ...634..833C},
  adsnote = {Provided by the SAO/NASA Astrophysics Data System}
}



@Article{mauch2007,
author = {{Mauch}, T. and {Sadler}, E.~M.},
    title = "{Radio sources in the 6dFGS: local luminosity functions at 1.4GHz for star-forming galaxies and radio-loud AGN}",
  journal = {\mnras},
   eprint = {astro-ph/0612018},
 keywords = {surveys, galaxies: active, galaxies: luminosity function, mass function, galaxies: starburst, radio continuum: galaxies},
     year = 2007,
    month = mar,
   volume = 375,
    pages = {931-950},
      doi = {10.1111/j.1365-2966.2006.11353.x},
   adsurl = {http://adsabs.harvard.edu/abs/2007MNRAS.375..931M},
  adsnote = {Provided by the SAO/NASA Astrophysics Data System}
}



@Article{park2009,
author = {{Park}, C. and {Choi}, Y.-Y.},
    title = "{Combined Effects of Galaxy Interactions and Large-Scale Environment on Galaxy Properties}",
  journal = {\apj},
archivePrefix = "arXiv",
   eprint = {0809.2156},
 keywords = {galaxies: evolution, galaxies: formation, galaxies: fundamental parameters, galaxies: general},
     year = 2009,
    month = feb,
   volume = 691,
    pages = {1828-1845},
      doi = {10.1088/0004-637X/691/2/1828},
   adsurl = {http://adsabs.harvard.edu/abs/2009ApJ...691.1828P},
  adsnote = {Provided by the SAO/NASA Astrophysics Data System}
}



@Article{chies-santos2012, 
 author = {{Chies-Santos}, A.~L. and {Larsen}, S.~S. and {Cantiello}, M. and 
  {Strader}, J. and {Kuntschner}, H. and {Wehner}, E.~M. and {Brodie}, J.~P.
  },
    title = "{An optical/NIR survey of globular clusters in early-type galaxies. III. On the colour bimodality of globular cluster systems}",
  journal = {\aap},
archivePrefix = "arXiv",
   eprint = {1201.3649},
 keywords = {galaxies: evolution, galaxies: star clusters: general, galaxies: elliptical and lenticular, cD},
     year = 2012,
    month = mar,
   volume = 539,
      eid = {A54},
    pages = {A54},
      doi = {10.1051/0004-6361/201117169},
   adsurl = {http://adsabs.harvard.edu/abs/2012A%26A...539A..54C},
  adsnote = {Provided by the SAO/NASA Astrophysics Data System}
}



@Article{hopkins2006,
author = {{Hopkins}, P.~F. and {Hernquist}, L.},
    title = "{Fueling Low-Level AGN Activity through Stochastic Accretion of Cold Gas}",
  journal = {\apjs},
   eprint = {astro-ph/0603180},
 keywords = {Cosmology: Theory, Galaxies: Active, Galaxies: Evolution, Galaxies: Quasars: General},
     year = 2006,
    month = sep,
   volume = 166,
    pages = {1-36},
      doi = {10.1086/505753},
   adsurl = {http://adsabs.harvard.edu/abs/2006ApJS..166....1H},
  adsnote = {Provided by the SAO/NASA Astrophysics Data System}
}



@Article{genzel2008,
author = {{Genzel}, R. and {Burkert}, A. and {Bouch{\'e}}, N. and {Cresci}, G. and 
  {F{\"o}rster Schreiber}, N.~M. and {Shapley}, A. and {Shapiro}, K. and 
  {Tacconi}, L.~J. and {Buschkamp}, P. and {Cimatti}, A. and {Daddi}, E. and 
  {Davies}, R. and {Eisenhauer}, F. and {Erb}, D.~K. and {Genel}, S. and 
  {Gerhard}, O. and {Hicks}, E. and {Lutz}, D. and {Naab}, T. and 
  {Ott}, T. and {Rabien}, S. and {Renzini}, A. and {Steidel}, C.~C. and 
  {Sternberg}, A. and {Lilly}, S.~J.},
    title = "{From Rings to Bulges: Evidence for Rapid Secular Galaxy Evolution at z \~{} 2 from Integral Field Spectroscopy in the SINS Survey}",
  journal = {\apj},
archivePrefix = "arXiv",
   eprint = {0807.1184},
 keywords = {cosmology: observations, galaxies: evolution, galaxies: high-redshift, infrared: galaxies},
     year = 2008,
    month = nov,
   volume = 687,
    pages = {59-77},
      doi = {10.1086/591840},
   adsurl = {http://adsabs.harvard.edu/abs/2008ApJ...687...59G},
  adsnote = {Provided by the SAO/NASA Astrophysics Data System}
}



@Article{osullivan2015,
author = {{O'Sullivan}, S.~P. and {Gaensler}, B.~M. and {Lara-L{\'o}pez}, M.~A. and 
  {van Velzen}, S. and {Banfield}, J.~K. and {Farnes}, J.~S.},
    title = "{The Magnetic Field and Polarization Properties of Radio Galaxies in Different Accretion States}",
  journal = {\apj},
archivePrefix = "arXiv",
   eprint = {1504.06679},
 keywords = {galaxies: active, galaxies: magnetic fields, radio continuum: galaxies},
     year = 2015,
    month = jun,
   volume = 806,
      eid = {83},
    pages = {83},
      doi = {10.1088/0004-637X/806/1/83},
   adsurl = {http://adsabs.harvard.edu/abs/2015ApJ...806...83O},
  adsnote = {Provided by the SAO/NASA Astrophysics Data System}
}



@Article{annis2014,
 author = {{Annis}, J. and {Soares-Santos}, M. and {Strauss}, M.~A. and 
  {Becker}, A.~C. and {Dodelson}, S. and {Fan}, X. and {Gunn}, J.~E. and 
  {Hao}, J. and {Ivezi{\'c}}, {\v Z}. and {Jester}, S. and {Jiang}, L. and 
  {Johnston}, D.~E. and {Kubo}, J.~M. and {Lampeitl}, H. and {Lin}, H. and 
  {Lupton}, R.~H. and {Miknaitis}, G. and {Seo}, H.-J. and {Simet}, M. and 
  {Yanny}, B.},
    title = "{The Sloan Digital Sky Survey Coadd: 275 deg$^{2}$ of Deep Sloan Digital Sky Survey Imaging on Stripe 82}",
  journal = {\apj},
archivePrefix = "arXiv",
   eprint = {1111.6619},
 keywords = {atlases, catalogs, surveys},
     year = 2014,
    month = oct,
   volume = 794,
      eid = {120},
    pages = {120},
      doi = {10.1088/0004-637X/794/2/120},
   adsurl = {http://adsabs.harvard.edu/abs/2014ApJ...794..120A},
  adsnote = {Provided by the SAO/NASA Astrophysics Data System}
}



@Article{barnes1991,
author = {{Barnes}, J.~E. and {Hernquist}, L.~E.},
    title = "{Fueling starburst galaxies with gas-rich mergers}",
  journal = {\apjl},
 keywords = {Galactic Evolution, Galactic Nuclei, Galactic Structure, Intergalactic Media, Star Formation, Starburst Galaxies, Angular Momentum, Astronomical Models, Gas Dynamics, Gravitational Effects},
     year = 1991,
    month = apr,
   volume = 370,
    pages = {L65-L68},
      doi = {10.1086/185978},
   adsurl = {http://adsabs.harvard.edu/abs/1991ApJ...370L..65B},
  adsnote = {Provided by the SAO/NASA Astrophysics Data System}
}



@Article{hopkins2013,
author = {{Hopkins}, P.~F. and {Kere{\v s}}, D. and {Murray}, N. and {Hernquist}, L. and 
  {Narayanan}, D. and {Hayward}, C.~C.},
    title = "{Resolving the generation of starburst winds in Galaxy mergers}",
  journal = {\mnras},
archivePrefix = "arXiv",
   eprint = {1301.0841},
 keywords = {galaxies: active, galaxies: evolution, galaxies: formation, cosmology: theory},
     year = 2013,
    month = jul,
   volume = 433,
    pages = {78-97},
      doi = {10.1093/mnras/stt690},
   adsurl = {http://adsabs.harvard.edu/abs/2013MNRAS.433...78H},
  adsnote = {Provided by the SAO/NASA Astrophysics Data System}
}



@Article{newton2013,
author = {{Newton}, R.~D.~A. and {Kay}, S.~T.},
    title = "{A study of AGN and supernova feedback in simulations of isolated and merging disc galaxies}",
  journal = {\mnras},
archivePrefix = "arXiv",
   eprint = {1304.0443},
 keywords = {black hole physics, methods: numerical, galaxies: active, galaxies: evolution, galaxies: formation, galaxies: interaction},
     year = 2013,
    month = oct,
   volume = 434,
    pages = {3606-3627},
      doi = {10.1093/mnras/stt1285},
   adsurl = {http://adsabs.harvard.edu/abs/2013MNRAS.434.3606N},
  adsnote = {Provided by the SAO/NASA Astrophysics Data System}
}



@Article{barai2014,
author = {{Barai}, P. and {Viel}, M. and {Murante}, G. and {Gaspari}, M. and 
  {Borgani}, S.},
    title = "{Kinetic or thermal AGN feedback in simulations of isolated and merging disc galaxies calibrated by the M-{$\sigma$} relation}",
  journal = {\mnras},
archivePrefix = "arXiv",
   eprint = {1307.5326},
 keywords = {black hole physics, methods: numerical, galaxies: active, galaxies: evolution, galaxies: interactions, cosmology: theory},
     year = 2014,
    month = jan,
   volume = 437,
    pages = {1456-1475},
      doi = {10.1093/mnras/stt1977},
   adsurl = {http://adsabs.harvard.edu/abs/2014MNRAS.437.1456B},
  adsnote = {Provided by the SAO/NASA Astrophysics Data System}
}


@Article{rafieferantsoa2015, 
author = {{Rafieferantsoa}, M. and {Dav{\'e}}, R. and {Angl{\'e}s-Alc{\'a}zar}, D. and 
  {Katz}, N. and {Kollmeier}, J.~A. and {Oppenheimer}, B.~D.},
    title = "{The impact of environment and mergers on the H I content of galaxies in hydrodynamic simulations}",
  journal = {\mnras},
archivePrefix = "arXiv",
   eprint = {1408.2531},
 keywords = {galaxies: evolution, galaxies: formation, galaxies: haloes, galaxies: ISM},
     year = 2015,
    month = nov,
   volume = 453,
    pages = {3980-3998},
      doi = {10.1093/mnras/stv1933},
   adsurl = {http://adsabs.harvard.edu/abs/2015MNRAS.453.3980R},
  adsnote = {Provided by the SAO/NASA Astrophysics Data System}
}




@Article{satyapal2014, 
author = {{Satyapal}, S. and {Ellison}, S.~L. and {McAlpine}, W. and {Hickox}, R.~C. and 
  {Patton}, D.~R. and {Mendel}, J.~T.},
    title = "{Galaxy pairs in the Sloan Digital Sky Survey - IX. Merger-induced AGN activity as traced by the Wide-field Infrared Survey Explorer}",
  journal = {\mnras},
archivePrefix = "arXiv",
   eprint = {1403.7531},
 keywords = {galaxies: active, galaxies: evolution, Galaxies: interactions, galaxies: Seyfert},
     year = 2014,
    month = jun,
   volume = 441,
    pages = {1297-1304},
      doi = {10.1093/mnras/stu650},
   adsurl = {http://adsabs.harvard.edu/abs/2014MNRAS.441.1297S},
  adsnote = {Provided by the SAO/NASA Astrophysics Data System}
}



@ARTICLE{ellison2015,
author = {{Ellison}, S.~L. and {Patton}, D.~R. and {Hickox}, R.~C.},
    title = "{Galaxy pairs in the Sloan Digital Sky Survey - XII. The fuelling mechanism of low-excitation radio-loud AGN}",
  journal = {\mnras},
archivePrefix = "arXiv",
   eprint = {1504.06255},
 keywords = {galaxies: active, galaxies: interactions, galaxies: Seyfert, radio continuum: galaxies},
     year = 2015,
    month = jul,
   volume = 451,
    pages = {L35-L39},
      doi = {10.1093/mnrasl/slv061},
   adsurl = {http://adsabs.harvard.edu/abs/2015MNRAS.451L..35E},
  adsnote = {Provided by the SAO/NASA Astrophysics Data System}
}



@Article{sabater2015, 
 author = {{Sabater}, J. and {Best}, P.~N. and {Heckman}, T.~M.},
    title = "{Triggering optical AGN: the need for cold gas, and the indirect roles of galaxy environment and interactions}",
  journal = {\mnras},
archivePrefix = "arXiv",
   eprint = {1411.5031},
 keywords = {surveys, galaxies: active, galaxies: evolution, galaxies: interaction, galaxies: Seyfert, galaxies: statistics},
     year = 2015,
    month = feb,
   volume = 447,
    pages = {110-116},
      doi = {10.1093/mnras/stu2429},
   adsurl = {http://adsabs.harvard.edu/abs/2015MNRAS.447..110S},
  adsnote = {Provided by the SAO/NASA Astrophysics Data System}
}



@Article{ho2008, 
author = {{Ho}, L.~C.},
    title = "{Nuclear Activity in Nearby Galaxies}",
  journal = {\araa},
archivePrefix = "arXiv",
   eprint = {0803.2268},
     year = 2008,
    month = sep,
   volume = 46,
    pages = {475-539},
      doi = {10.1146/annurev.astro.45.051806.110546},
   adsurl = {http://adsabs.harvard.edu/abs/2008ARA%26A..46..475H},
  adsnote = {Provided by the SAO/NASA Astrophysics Data System}
}



@Article{okamoto2000, 
author = {{Okamoto}, T. and {Habe}, A.},
    title = "{Evolution of Cluster Galaxies in Hierarchical Clustering Universes}",
  journal = {\pasj},
   eprint = {astro-ph/0001088},
 keywords = {GALAXIES: CLUSTERS: GENERAL, GALAXIES: GENERAL, GALAXIES: HALOS, GALAXIES: INTERACTIONS},
     year = 2000,
    month = jun,
   volume = 52,
    pages = {457-463},
      doi = {10.1093/pasj/52.3.457},
   adsurl = {http://adsabs.harvard.edu/abs/2000PASJ...52..457O},
  adsnote = {Provided by the SAO/NASA Astrophysics Data System}
}




@Article{rosati2004, 
author = {{Rosati}, P. and {Tozzi}, P. and {Ettori}, S. and {Mainieri}, V. and 
  {Demarco}, R. and {Stanford}, S.~A. and {Lidman}, C. and {Nonino}, M. and 
  {Borgani}, S. and {Della Ceca}, R. and {Eisenhardt}, P. and 
  {Holden}, B.~P. and {Norman}, C.},
    title = "{Chandra and XMM-Newton Observations of RDCS 1252.9-2927, A Massive Cluster at z=1.24}",
  journal = {\aj},
   eprint = {astro-ph/0309546},
 keywords = {Cosmology: Observations, Galaxies: Clusters: General, galaxies: clusters: individual (RDCS 1252.9-2927), X-Rays},
     year = 2004,
    month = jan,
   volume = 127,
    pages = {230-238},
      doi = {10.1086/379857},
   adsurl = {http://adsabs.harvard.edu/abs/2004AJ....127..230R},
  adsnote = {Provided by the SAO/NASA Astrophysics Data System}
}


@Article{tozzi2003, 
author = {{Tozzi}, P. and {Rosati}, P. and {Ettori}, S. and {Borgani}, S. and 
  {Mainieri}, V. and {Norman}, C.},
    title = "{Iron Abundance in the Intracluster Medium at High Redshift}",
  journal = {\apj},
   eprint = {astro-ph/0305223},
 keywords = {Cosmology: Observations, Galaxies: Clusters: General, Galaxies: Intergalactic Medium, Nuclear Reactions, Nucleosynthesis, Abundances, X-Rays: Galaxies: Clusters},
     year = 2003,
    month = aug,
   volume = 593,
    pages = {705-720},
      doi = {10.1086/376731},
   adsurl = {http://adsabs.harvard.edu/abs/2003ApJ...593..705T},
  adsnote = {Provided by the SAO/NASA Astrophysics Data System}
}



@Article{hashimoto2004, 
author = {{Hashimoto}, Y. and {Barcons}, X. and {B{\"o}hringer}, H. and 
  {Fabian}, A.~C. and {Hasinger}, G. and {Mainieri}, V. and {Brunner}, H.
  },
    title = "{Abundance constraints and direct redshift measurement of the diffuse X-ray emission from a distant cluster of galaxies}",
  journal = {\aap},
   eprint = {astro-ph/0401297},
 keywords = {X-rays: galaxies: clusters, cosmology: cosmological parameters, galaxies: high-redshift},
     year = 2004,
    month = apr,
   volume = 417,
    pages = {819-825},
      doi = {10.1051/0004-6361:20034229},
   adsurl = {http://adsabs.harvard.edu/abs/2004A%26A...417..819H},
  adsnote = {Provided by the SAO/NASA Astrophysics Data System}
}



@Article{maughan2004, 
 author = {{Maughan}, B.~J. and {Jones}, L.~R. and {Ebeling}, H. and {Scharf}, C.
  },
    title = "{An XMM-Newton observation of the massive, relaxed galaxy cluster ClJ1226.9+3332 at z= 0.89}",
  journal = {\mnras},
   eprint = {astro-ph/0403521},
 keywords = {galaxies: clusters: general, galaxies: clusters: individual: ClJ12269+3332, galaxies: high-redshift, intergalactic medium, cosmology: observations, X-rays: galaxies},
     year = 2004,
    month = jul,
   volume = 351,
    pages = {1193-1203},
      doi = {10.1111/j.1365-2966.2004.07860.x},
   adsurl = {http://adsabs.harvard.edu/abs/2004MNRAS.351.1193M},
  adsnote = {Provided by the SAO/NASA Astrophysics Data System}
}

@Article{ishibashi2011, 
 author = {{Ishibashi}, W. and {Courvoisier}, T.~J.-L.},
    title = "{Synchrotron radio emission in radio-quiet AGNs}",
  journal = {\aap},
archivePrefix = "arXiv",
   eprint = {1010.5591},
 primaryClass = "astro-ph.HE",
 keywords = {accretion, accretion disks, radiation mechanisms: non-thermal, galaxies: active, radio continuum: galaxies, radiation mechanisms: thermal},
     year = 2011,
    month = jan,
   volume = 525,
      eid = {A118},
    pages = {A118},
      doi = {10.1051/0004-6361/201014987},
   adsurl = {http://adsabs.harvard.edu/abs/2011A%26A...525A.118I},
  adsnote = {Provided by the SAO/NASA Astrophysics Data System}
}



@Article{ocran2017, 
author = {{Ocran}, E.~F. and {Taylor}, A.~R. and {Vaccari}, M. and {Green}, D.~A.
  },
    title = "{The nature of the faint low-frequency radio source population}",
  journal = {\mnras},
archivePrefix = "arXiv",
   eprint = {1702.04962},
 keywords = {galaxies: active, infrared: galaxies, radio continuum: galaxies},
     year = 2017,
    month = jun,
   volume = 468,
    pages = {1156-1168},
      doi = {10.1093/mnras/stx435},
   adsurl = {http://adsabs.harvard.edu/abs/2017MNRAS.468.1156O},
  adsnote = {Provided by the SAO/NASA Astrophysics Data System}
}

%close environments of VISTA-VIDEO survey
@Article{karouzos2014a, 
 author = {{Karouzos}, M. and {Jarvis}, M.~J. and {Bonfield}, D.},
    title = "{Mergers as triggers for nuclear activity: a near-IR study of the close environment of AGN in the VISTA-VIDEO survey}",
  journal = {\mnras},
archivePrefix = "arXiv",
   eprint = {1312.1699},
 primaryClass = "astro-ph.CO",
 keywords = {surveys, galaxies: active, galaxies: evolution, galaxies: statistics, infrared: galaxies},
     year = 2014,
    month = mar,
   volume = 439,
    pages = {861-877},
      doi = {10.1093/mnras/stu009},
   adsurl = {http://adsabs.harvard.edu/abs/2014MNRAS.439..861K},
  adsnote = {Provided by the SAO/NASA Astrophysics Data System}
}

%triggering radio AGN
@Article{karouzos2014c, 
author = {{Karouzos}, M. and {Im}, M. and {Kim}, J.-W. and {Lee}, S.-K. and 
  {Chapman}, S. and {Jeon}, Y. and {Choi}, C. and {Hong}, J. and 
  {Hyun}, M. and {Jun}, H.~D. and {Kim}, D. and {Kim}, Y. and 
  {Kim}, J.~H. and {Kim}, D. and {Pak}, S. and {Park}, W.-K. and 
  {Taak}, Y.~C. and {Yoon}, Y. and {Edge}, A.},
    title = "{The Infrared Medium-Deep Survey. II. How to Trigger Radio AGNs? Hints from their Environments}",
  journal = {\apj},
archivePrefix = "arXiv",
   eprint = {1410.4200},
 keywords = {galaxies: active, galaxies: jets, galaxies: star formation, galaxies: statistics, Galaxy: evolution, infrared: galaxies, radio continuum: galaxies},
     year = 2014,
    month = dec,
   volume = 797,
      eid = {26},
    pages = {26},
      doi = {10.1088/0004-637X/797/1/26},
   adsurl = {http://adsabs.harvard.edu/abs/2014ApJ...797...26K},
  adsnote = {Provided by the SAO/NASA Astrophysics Data System}
}

@Article{gomez2003, 
author = {{G{\'o}mez}, P.~L. and {Nichol}, R.~C. and {Miller}, C.~J. and 
  {Balogh}, M.~L. and {Goto}, T. and {Zabludoff}, A.~I. and {Romer}, A.~K. and 
  {Bernardi}, M. and {Sheth}, R. and {Hopkins}, A.~M. and {Castander}, F.~J. and 
  {Connolly}, A.~J. and {Schneider}, D.~P. and {Brinkmann}, J. and 
  {Lamb}, D.~Q. and {SubbaRao}, M. and {York}, D.~G.},
    title = "{Galaxy Star Formation as a Function of Environment in the Early Data Release of the Sloan Digital Sky Survey}",
  journal = {\apj},
   eprint = {astro-ph/0210193},
 keywords = {Galaxies: Clusters: General, Galaxies: Evolution, Galaxies: Stellar Content, Stars: Formation, Surveys},
     year = 2003,
    month = feb,
   volume = 584,
    pages = {210-227},
      doi = {10.1086/345593},
   adsurl = {http://adsabs.harvard.edu/abs/2003ApJ...584..210G},
  adsnote = {Provided by the SAO/NASA Astrophysics Data System}
}

@Article{mateus2004, 
author = {{Mateus}, A. and {Sodr{\'e}}, L.},
    title = "{Star formation and the environment of nearby field galaxies}",
  journal = {\mnras},
   eprint = {astro-ph/0307349},
 keywords = {stars: formation, galaxies: evolution, galaxies: starburst, galaxies: stellar content},
     year = 2004,
    month = apr,
   volume = 349,
    pages = {1251-1260},
      doi = {10.1111/j.1365-2966.2004.07573.x},
   adsurl = {http://adsabs.harvard.edu/abs/2004MNRAS.349.1251M},
  adsnote = {Provided by the SAO/NASA Astrophysics Data System}
}



@Article{york2000, 
author = {{York}, D.~G. and {Adelman}, J. and {Anderson}, Jr., J.~E. and 
  {Anderson}, S.~F. and {Annis}, J. and {Bahcall}, N.~A. and {Bakken}, J.~A. and 
  {Barkhouser}, R. and {Bastian}, S. and {Berman}, E. and {Boroski}, W.~N. and 
  {Bracker}, S. and {Briegel}, C. and {Briggs}, J.~W. and {Brinkmann}, J. and 
  {Brunner}, R. and {Burles}, S. and {Carey}, L. and {Carr}, M.~A. and 
  {Castander}, F.~J. and {Chen}, B. and {Colestock}, P.~L. and 
  {Connolly}, A.~J. and {Crocker}, J.~H. and {Csabai}, I. and 
  {Czarapata}, P.~C. and {Davis}, J.~E. and {Doi}, M. and {Dombeck}, T. and 
  {Eisenstein}, D. and {Ellman}, N. and {Elms}, B.~R. and {Evans}, M.~L. and 
  {Fan}, X. and {Federwitz}, G.~R. and {Fiscelli}, L. and {Friedman}, S. and 
  {Frieman}, J.~A. and {Fukugita}, M. and {Gillespie}, B. and 
  {Gunn}, J.~E. and {Gurbani}, V.~K. and {de Haas}, E. and {Haldeman}, M. and 
  {Harris}, F.~H. and {Hayes}, J. and {Heckman}, T.~M. and {Hennessy}, G.~S. and 
  {Hindsley}, R.~B. and {Holm}, S. and {Holmgren}, D.~J. and {Huang}, C.-h. and 
  {Hull}, C. and {Husby}, D. and {Ichikawa}, S.-I. and {Ichikawa}, T. and 
  {Ivezi{\'c}}, {\v Z}. and {Kent}, S. and {Kim}, R.~S.~J. and 
  {Kinney}, E. and {Klaene}, M. and {Kleinman}, A.~N. and {Kleinman}, S. and 
  {Knapp}, G.~R. and {Korienek}, J. and {Kron}, R.~G. and {Kunszt}, P.~Z. and 
  {Lamb}, D.~Q. and {Lee}, B. and {Leger}, R.~F. and {Limmongkol}, S. and 
  {Lindenmeyer}, C. and {Long}, D.~C. and {Loomis}, C. and {Loveday}, J. and 
  {Lucinio}, R. and {Lupton}, R.~H. and {MacKinnon}, B. and {Mannery}, E.~J. and 
  {Mantsch}, P.~M. and {Margon}, B. and {McGehee}, P. and {McKay}, T.~A. and 
  {Meiksin}, A. and {Merelli}, A. and {Monet}, D.~G. and {Munn}, J.~A. and 
  {Narayanan}, V.~K. and {Nash}, T. and {Neilsen}, E. and {Neswold}, R. and 
  {Newberg}, H.~J. and {Nichol}, R.~C. and {Nicinski}, T. and 
  {Nonino}, M. and {Okada}, N. and {Okamura}, S. and {Ostriker}, J.~P. and 
  {Owen}, R. and {Pauls}, A.~G. and {Peoples}, J. and {Peterson}, R.~L. and 
  {Petravick}, D. and {Pier}, J.~R. and {Pope}, A. and {Pordes}, R. and 
  {Prosapio}, A. and {Rechenmacher}, R. and {Quinn}, T.~R. and 
  {Richards}, G.~T. and {Richmond}, M.~W. and {Rivetta}, C.~H. and 
  {Rockosi}, C.~M. and {Ruthmansdorfer}, K. and {Sandford}, D. and 
  {Schlegel}, D.~J. and {Schneider}, D.~P. and {Sekiguchi}, M. and 
  {Sergey}, G. and {Shimasaku}, K. and {Siegmund}, W.~A. and {Smee}, S. and 
  {Smith}, J.~A. and {Snedden}, S. and {Stone}, R. and {Stoughton}, C. and 
  {Strauss}, M.~A. and {Stubbs}, C. and {SubbaRao}, M. and {Szalay}, A.~S. and 
  {Szapudi}, I. and {Szokoly}, G.~P. and {Thakar}, A.~R. and {Tremonti}, C. and 
  {Tucker}, D.~L. and {Uomoto}, A. and {Vanden Berk}, D. and {Vogeley}, M.~S. and 
  {Waddell}, P. and {Wang}, S.-i. and {Watanabe}, M. and {Weinberg}, D.~H. and 
  {Yanny}, B. and {Yasuda}, N. and {SDSS Collaboration}},
    title = "{The Sloan Digital Sky Survey: Technical Summary}",
  journal = {\aj},
   eprint = {astro-ph/0006396},
 keywords = {Cosmology: Observations, Instrumentation: Miscellaneous},
     year = 2000,
    month = sep,
   volume = 120,
    pages = {1579-1587},
      doi = {10.1086/301513},
   adsurl = {http://adsabs.harvard.edu/abs/2000AJ....120.1579Y},
  adsnote = {Provided by the SAO/NASA Astrophysics Data System}
}



@Article{kauffman2004, 
author = {{Kauffmann}, G. and {White}, S.~D.~M. and {Heckman}, T.~M. and 
  {M{\'e}nard}, B. and {Brinchmann}, J. and {Charlot}, S. and 
  {Tremonti}, C. and {Brinkmann}, J.},
    title = "{The environmental dependence of the relations between stellar mass, structure, star formation and nuclear activity in galaxies}",
  journal = {\mnras},
   eprint = {astro-ph/0402030},
 keywords = {galaxies: evolution, galaxies: formation, galaxies: stellar content},
     year = 2004,
    month = sep,
   volume = 353,
    pages = {713-731},
      doi = {10.1111/j.1365-2966.2004.08117.x},
   adsurl = {http://adsabs.harvard.edu/abs/2004MNRAS.353..713K},
  adsnote = {Provided by the SAO/NASA Astrophysics Data System}
}


@Article{cavagnolo2010,
author = {{Cavagnolo}, K.~W. and {McNamara}, B.~R. and {Nulsen}, P.~E.~J. and 
  {Carilli}, C.~L. and {Jones}, C. and {B{\^i}rzan}, L.},
    title = "{A Relationship Between AGN Jet Power and Radio Power}",
  journal = {\apj},
archivePrefix = "arXiv",
   eprint = {1006.5699},
 keywords = {galaxies: active, galaxies: clusters: general, radio continuum: galaxies, X-rays: galaxies},
     year = 2010,
    month = sep,
   volume = 720,
    pages = {1066-1072},
      doi = {10.1088/0004-637X/720/2/1066},
   adsurl = {http://adsabs.harvard.edu/abs/2010ApJ...720.1066C},
  adsnote = {Provided by the SAO/NASA Astrophysics Data System}
}




@Article{willott1999, 
author = {{Willott}, C.~J. and {Rawlings}, S. and {Blundell}, K.~M. and 
  {Lacy}, M.},
    title = "{The emission line-radio correlation for radio sources using the 7C Redshift Survey}",
  journal = {\mnras},
   eprint = {astro-ph/9905388},
     year = 1999,
    month = nov,
   volume = 309,
    pages = {1017-1033},
      doi = {10.1046/j.1365-8711.1999.02907.x},
   adsurl = {http://adsabs.harvard.edu/abs/1999MNRAS.309.1017W},
  adsnote = {Provided by the SAO/NASA Astrophysics Data System}
}

@Article{condon1992, 
author = {{Condon}, J.~J.},
    title = "{Radio emission from normal galaxies}",
  journal = {\araa},
 keywords = {Cosmic Rays, Radio Emission, Radio Sources (Astronomy), Star Formation, Starburst Galaxies, Synchrotron Radiation, Black Holes (Astronomy), H Ii Regions, Infrared Radiation, Relativistic Particles},
     year = 1992,
   volume = 30,
    pages = {575-611},
      doi = {10.1146/annurev.aa.30.090192.003043},
   adsurl = {http://adsabs.harvard.edu/abs/1992ARA%26A..30..575C},
  adsnote = {Provided by the SAO/NASA Astrophysics Data System}
}


@Article{padovani2011, 
author = {{Padovani}, P. and {Miller}, N. and {Kellermann}, K.~I. and 
  {Mainieri}, V. and {Rosati}, P. and {Tozzi}, P.},
    title = "{The VLA Survey of Chandra Deep Field South. V. Evolution and Luminosity Functions of Sub-millijansky Radio Sources and the Issue of Radio Emission in Radio-quiet Active Galactic Nuclei}",
  journal = {\apj},
archivePrefix = "arXiv",
   eprint = {1107.2759},
 keywords = {galaxies: active, galaxies: starburst, infrared: galaxies, radio continuum: galaxies, X-rays: galaxies},
     year = 2011,
    month = oct,
   volume = 740,
      eid = {20},
    pages = {20},
      doi = {10.1088/0004-637X/740/1/20},
   adsurl = {http://adsabs.harvard.edu/abs/2011ApJ...740...20P},
  adsnote = {Provided by the SAO/NASA Astrophysics Data System}
}


@Article{smolcic2008, 
author = {{Smol{\v c}i{\'c}}, V. and {Schinnerer}, E. and {Scodeggio}, M. and 
  {Franzetti}, P. and {Aussel}, H. and {Bondi}, M. and {Brusa}, M. and 
  {Carilli}, C.~L. and {Capak}, P. and {Charlot}, S. and {Ciliegi}, P. and 
  {Ilbert}, O. and {Ivezi{\'c}}, {\v Z}. and {Jahnke}, K. and 
  {McCracken}, H.~J. and {Obri{\'c}}, M. and {Salvato}, M. and 
  {Sanders}, D.~B. and {Scoville}, N. and {Trump}, J.~R. and {Tremonti}, C. and 
  {Tasca}, L. and {Walcher}, C.~J. and {Zamorani}, G.},
    title = "{A New Method to Separate Star-forming from AGN Galaxies at Intermediate Redshift: The Submillijansky Radio Population in the VLA-COSMOS Survey}",
  journal = {\apjs},
archivePrefix = "arXiv",
   eprint = {0803.0997},
 keywords = {cosmology: observations, radio continuum: galaxies, surveys},
     year = 2008,
    month = jul,
   volume = 177,
    pages = {14-38},
      doi = {10.1086/588028},
   adsurl = {http://adsabs.harvard.edu/abs/2008ApJS..177...14S},
  adsnote = {Provided by the SAO/NASA Astrophysics Data System}
}



@Article{cappellari2011, 
author = {{Cappellari}, M. and {Emsellem}, E. and {Krajnovi{\'c}}, D. and 
  {McDermid}, R.~M. and {Serra}, P. and {Alatalo}, K. and {Blitz}, L. and 
  {Bois}, M. and {Bournaud}, F. and {Bureau}, M. and {Davies}, R.~L. and 
  {Davis}, T.~A. and {de Zeeuw}, P.~T. and {Khochfar}, S. and 
  {Kuntschner}, H. and {Lablanche}, P.-Y. and {Morganti}, R. and 
  {Naab}, T. and {Oosterloo}, T. and {Sarzi}, M. and {Scott}, N. and 
  {Weijmans}, A.-M. and {Young}, L.~M.},
    title = "{The ATLAS$^{3D}$ project - VII. A new look at the morphology of nearby galaxies: the kinematic morphology-density relation}",
  journal = {\mnras},
archivePrefix = "arXiv",
   eprint = {1104.3545},
 primaryClass = "astro-ph.CO",
 keywords = {galaxies: elliptical and lenticular, cD, galaxies: evolution, galaxies: formation, galaxies: kinematics and dynamics, galaxies: structure},
     year = 2011,
    month = sep,
   volume = 416,
    pages = {1680-1696},
      doi = {10.1111/j.1365-2966.2011.18600.x},
   adsurl = {http://adsabs.harvard.edu/abs/2011MNRAS.416.1680C},
  adsnote = {Provided by the SAO/NASA Astrophysics Data System}
}

@Article{kauffmann2008, 
author = {{Kauffmann}, G. and {Heckman}, T.~M. and {Best}, P.~N.},
    title = "{Radio jets in galaxies with actively accreting black holes: new insights from the SDSS}",
  journal = {\mnras},
archivePrefix = "arXiv",
   eprint = {0709.2911},
 keywords = {galaxies: active , galaxies: evolution , galaxies: stellar content , galaxies: structure , radio continuum: galaxies},
     year = 2008,
    month = mar,
   volume = 384,
    pages = {953-971},
      doi = {10.1111/j.1365-2966.2007.12752.x},
   adsurl = {http://adsabs.harvard.edu/abs/2008MNRAS.384..953K},
  adsnote = {Provided by the SAO/NASA Astrophysics Data System}
}


@Article{sadler2002, 
author = {{Sadler}, E.~M. and {Jackson}, C.~A. and {Cannon}, R.~D. and 
  {McIntyre}, V.~J. and {Murphy}, T. and {Bland-Hawthorn}, J. and 
  {Bridges}, T. and {Cole}, S. and {Colless}, M. and {Collins}, C. and 
  {Couch}, W. and {Dalton}, G. and {De Propris}, R. and {Driver}, S.~P. and 
  {Efstathiou}, G. and {Ellis}, R.~S. and {Frenk}, C.~S. and {Glazebrook}, K. and 
  {Lahav}, O. and {Lewis}, I. and {Lumsden}, S. and {Maddox}, S. and 
  {Madgwick}, D. and {Norberg}, P. and {Peacock}, J.~A. and {Peterson}, B.~A. and 
  {Sutherland}, W. and {Taylor}, K.},
    title = "{Radio sources in the 2dF Galaxy Redshift Survey - II. Local radio luminosity functions for AGN and star-forming galaxies at 1.4 GHz}",
  journal = {\mnras},
   eprint = {astro-ph/0106173},
 keywords = {GALAXIES: ACTIVE, GALAXIES: LUMINOSITY FUNCTION, MASS FUNCTION, GALAXIES: STARBURST, RADIO CONTINUUM: GALAXIES},
     year = 2002,
    month = jan,
   volume = 329,
    pages = {227-245},
      doi = {10.1046/j.1365-8711.2002.04998.x},
   adsurl = {http://adsabs.harvard.edu/abs/2002MNRAS.329..227S},
  adsnote = {Provided by the SAO/NASA Astrophysics Data System}
}

@Article{herbert2010, 
author = {{Herbert}, P.~D. and {Jarvis}, M.~J. and {Willott}, C.~J. and 
  {McLure}, R.~J. and {Mitchell}, E. and {Rawlings}, S. and {Hill}, G.~J. and 
  {Dunlop}, J.~S.},
    title = "{Evidence of different star formation histories for high- and low-luminosity radio galaxies}",
  journal = {\mnras},
archivePrefix = "arXiv",
   eprint = {1004.1099},
 keywords = {galaxies: active, galaxies: nuclei, galaxies: stellar content},
     year = 2010,
    month = aug,
   volume = 406,
    pages = {1841-1847},
      doi = {10.1111/j.1365-2966.2010.16783.x},
   adsurl = {http://adsabs.harvard.edu/abs/2010MNRAS.406.1841H},
  adsnote = {Provided by the SAO/NASA Astrophysics Data System}
}



@Article{condon2002, 
author = {{Condon}, J.~J. and {Cotton}, W.~D. and {Broderick}, J.~J.},
    title = "{Radio Sources and Star Formation in the Local Universe}",
  journal = {\aj},
 keywords = {Catalogs, Galaxies: Evolution, Galaxies: General, Galaxies: Luminosity Function, Mass Function, Galaxies: Starburst, Radio Continuum},
     year = 2002,
    month = aug,
   volume = 124,
    pages = {675-689},
      doi = {10.1086/341650},
   adsurl = {http://adsabs.harvard.edu/abs/2002AJ....124..675C},
  adsnote = {Provided by the SAO/NASA Astrophysics Data System}
}


@Article{donoso2010, 
author = {{Donoso}, E. and {Li}, C. and {Kauffmann}, G. and {Best}, P.~N. and 
  {Heckman}, T.~M.},
    title = "{Clustering of radio galaxies and quasars}",
  journal = {\mnras},
archivePrefix = "arXiv",
   eprint = {0910.3667},
 primaryClass = "astro-ph.CO",
 keywords = {galaxies: active, galaxies: evolution, quasars: general, radio continuum: galaxies},
     year = 2010,
    month = sep,
   volume = 407,
    pages = {1078-1089},
      doi = {10.1111/j.1365-2966.2010.16907.x},
   adsurl = {http://adsabs.harvard.edu/abs/2010MNRAS.407.1078D},
  adsnote = {Provided by the SAO/NASA Astrophysics Data System}
}


@Article{mcalpine2013, 
 author = {{McAlpine}, K. and {Jarvis}, M.~J. and {Bonfield}, D.~G.},
    title = "{Evolution of faint radio sources in the VIDEO-XMM3 field}",
  journal = {\mnras},
archivePrefix = "arXiv",
   eprint = {1309.0358},
 keywords = {galaxies: active, galaxies: evolution, radio continuum: galaxies},
     year = 2013,
    month = dec,
   volume = 436,
    pages = {1084-1095},
      doi = {10.1093/mnras/stt1638},
   adsurl = {http://adsabs.harvard.edu/abs/2013MNRAS.436.1084M},
  adsnote = {Provided by the SAO/NASA Astrophysics Data System}
}


@Article{demello2002, 
 author = {{de Mello}, D.~F. and {Wiklind}, T. and {Maia}, M.~A.~G.},
    title = "{Environmental effects in galaxies. Molecular gas, star formation, and activity}",
  journal = {\aap},
   eprint = {astro-ph/0110702},
 keywords = {GALAXIES: ACTIVE, GALAXIES: CLUSTER: GENERAL, GALAXIES: FUNDAMENTAL PARAMETERS, GALAXIES: SEYFERT, GALAXIES: SPIRAL},
     year = 2002,
    month = jan,
   volume = 381,
    pages = {771-782},
      doi = {10.1051/0004-6361:20011566},
   adsurl = {http://adsabs.harvard.edu/abs/2002A%26A...381..771D},
  adsnote = {Provided by the SAO/NASA Astrophysics Data System}
}



@Article{ineson2015, 
author = {{Ineson}, J. and {Croston}, J.~H. and {Hardcastle}, M.~J. and 
  {Kraft}, R.~P. and {Evans}, D.~A. and {Jarvis}, M.},
    title = "{The link between accretion mode and environment in radio-loud active galaxies}",
  journal = {\mnras},
archivePrefix = "arXiv",
   eprint = {1508.01033},
 keywords = {galaxies: active, galaxies: clusters: intracluster medium, galaxies: jets},
     year = 2015,
    month = nov,
   volume = 453,
    pages = {2682-2706},
      doi = {10.1093/mnras/stv1807},
   adsurl = {http://adsabs.harvard.edu/abs/2015MNRAS.453.2682I},
  adsnote = {Provided by the SAO/NASA Astrophysics Data System}
}



@Article{chiaberge2015, 
author = {{Chiaberge}, M. and {Gilli}, R. and {Lotz}, J.~M. and {Norman}, C.
  },
    title = "{Radio Loud AGNs are Mergers}",
  journal = {\apj},
archivePrefix = "arXiv",
   eprint = {1505.07419},
 keywords = {galaxies: active, galaxies: interactions, galaxies: jets, galaxies: nuclei, X-rays: galaxies},
     year = 2015,
    month = jun,
   volume = 806,
      eid = {147},
    pages = {147},
      doi = {10.1088/0004-637X/806/2/147},
   adsurl = {http://adsabs.harvard.edu/abs/2015ApJ...806..147C},
  adsnote = {Provided by the SAO/NASA Astrophysics Data System}
}



@Article{hahn2015, 
 author = {{Hahn}, C. and {Blanton}, M.~R. and {Moustakas}, J. and {Coil}, A.~L. and 
  {Cool}, R.~J. and {Eisenstein}, D.~J. and {Skibba}, R.~A. and 
  {Wong}, K.~C. and {Zhu}, G.},
    title = "{PRIMUS: Effects of Galaxy Environment on the Quiescent Fraction Evolution at z $\lt$ 0.8}",
  journal = {\apj},
archivePrefix = "arXiv",
   eprint = {1412.7162},
 keywords = {cosmology: observations, galaxies: evolution, galaxies: groups: general, galaxies: star formation, galaxies: statistics},
     year = 2015,
    month = jun,
   volume = 806,
      eid = {162},
    pages = {162},
      doi = {10.1088/0004-637X/806/2/162},
   adsurl = {http://adsabs.harvard.edu/abs/2015ApJ...806..162H},
  adsnote = {Provided by the SAO/NASA Astrophysics Data System}
}


@Article{rafferty2006, 
author = {{Rafferty}, D.~A. and {McNamara}, B.~R. and {Nulsen}, P.~E.~J. and 
  {Wise}, M.~W.},
    title = "{The Feedback-regulated Growth of Black Holes and Bulges through Gas Accretion and Starbursts in Cluster Central Dominant Galaxies}",
  journal = {\apj},
   eprint = {astro-ph/0605323},
 keywords = {Galaxies: Cooling Flows, Galaxies: Active, Galaxies: Clusters: General, X-Rays: Galaxies, X-Rays: Galaxies: Clusters},
     year = 2006,
    month = nov,
   volume = 652,
    pages = {216-231},
      doi = {10.1086/507672},
   adsurl = {http://adsabs.harvard.edu/abs/2006ApJ...652..216R},
  adsnote = {Provided by the SAO/NASA Astrophysics Data System}
}

@Article{netzer2015,
author = {{Netzer}, H.},
    title = "{Revisiting the Unified Model of Active Galactic Nuclei}",
  journal = {\araa},
archivePrefix = "arXiv",
   eprint = {1505.00811},
     year = 2015,
    month = aug,
   volume = 53,
    pages = {365-408},
      doi = {10.1146/annurev-astro-082214-122302},
   adsurl = {http://adsabs.harvard.edu/abs/2015ARA%26A..53..365N},
  adsnote = {Provided by the SAO/NASA Astrophysics Data System}
}


@Article{ilbert2006,
author = {{Ilbert}, O. and {Arnouts}, S. and {McCracken}, H.~J. and {Bolzonella}, M. and 
  {Bertin}, E. and {Le F{\`e}vre}, O. and {Mellier}, Y. and {Zamorani}, G. and 
  {Pell{\`o}}, R. and {Iovino}, A. and {Tresse}, L. and {Le Brun}, V. and 
  {Bottini}, D. and {Garilli}, B. and {Maccagni}, D. and {Picat}, J.~P. and 
  {Scaramella}, R. and {Scodeggio}, M. and {Vettolani}, G. and 
  {Zanichelli}, A. and {Adami}, C. and {Bardelli}, S. and {Cappi}, A. and 
  {Charlot}, S. and {Ciliegi}, P. and {Contini}, T. and {Cucciati}, O. and 
  {Foucaud}, S. and {Franzetti}, P. and {Gavignaud}, I. and {Guzzo}, L. and 
  {Marano}, B. and {Marinoni}, C. and {Mazure}, A. and {Meneux}, B. and 
  {Merighi}, R. and {Paltani}, S. and {Pollo}, A. and {Pozzetti}, L. and 
  {Radovich}, M. and {Zucca}, E. and {Bondi}, M. and {Bongiorno}, A. and 
  {Busarello}, G. and {de La Torre}, S. and {Gregorini}, L. and 
  {Lamareille}, F. and {Mathez}, G. and {Merluzzi}, P. and {Ripepi}, V. and 
  {Rizzo}, D. and {Vergani}, D.},
    title = "{Accurate photometric redshifts for the CFHT legacy survey calibrated using the VIMOS VLT deep survey}",
  journal = {\aap},
   eprint = {astro-ph/0603217},
 keywords = {galaxies: distances and redshifts, galaxies: photometry, methods: data analysis},
     year = 2006,
    month = oct,
   volume = 457,
    pages = {841-856},
      doi = {10.1051/0004-6361:20065138},
   adsurl = {http://adsabs.harvard.edu/abs/2006A%26A...457..841I},
  adsnote = {Provided by the SAO/NASA Astrophysics Data System}
}



@Article{hernquist1989,
author = {{Hernquist}, L.},
    title = "{Tidal triggering of starbursts and nuclear activity in galaxies}",
  journal = {\nat},
 keywords = {Active Galactic Nuclei, Black Holes (Astronomy), Star Formation, Starburst Galaxies, Tides, Angular Momentum, Interstellar Gas, Quasars, Star Distribution},
     year = 1989,
    month = aug,
   volume = 340,
    pages = {687-691},
      doi = {10.1038/340687a0},
   adsurl = {http://adsabs.harvard.edu/abs/1989Natur.340..687H},
  adsnote = {Provided by the SAO/NASA Astrophysics Data System}
}



@Article{mihos1996,
 author = {{Mihos}, J.~C. and {Hernquist}, L.},
    title = "{Gasdynamics and Starbursts in Major Mergers}",
  journal = {\apj},
   eprint = {astro-ph/9512099},
 keywords = {GALAXIES: ACTIVE, GALAXIES: INTERACTIONS, GALAXIES: STARBURST, GALAXIES: STRUCTURE, METHODS: NUMERICAL},
     year = 1996,
    month = jun,
   volume = 464,
    pages = {641},
      doi = {10.1086/177353},
   adsurl = {http://adsabs.harvard.edu/abs/1996ApJ...464..641M},
  adsnote = {Provided by the SAO/NASA Astrophysics Data System}
}



@Article{williams2018,
author = {{Williams}, W.~L. and {Calistro Rivera}, G. and {Best}, P.~N. and 
  {Hardcastle}, M.~J. and {R{\"o}ttgering}, H.~J.~A. and {Duncan}, K.~J. and 
  {de Gasperin}, F. and {Jarvis}, M.~J. and {Miley}, G.~K. and 
  {Mahony}, E.~K. and {Morabito}, L.~K. and {Nisbet}, D.~M. and 
  {Prandoni}, I. and {Smith}, D.~J.~B. and {Tasse}, C. and {White}, G.~J.
  },
    title = "{LOFAR-Bo{\"o}tes: properties of high- and low-excitation radio galaxies at 0.5 $\lt$ z $\lt$ 2.0}",
  journal = {\mnras},
archivePrefix = "arXiv",
   eprint = {1711.10504},
 keywords = {galaxies: active, galaxies: evolution, radio continuum: galaxies},
     year = 2018,
    month = apr,
   volume = 475,
    pages = {3429-3452},
      doi = {10.1093/mnras/sty026},
   adsurl = {http://adsabs.harvard.edu/abs/2018MNRAS.475.3429W},
  adsnote = {Provided by the SAO/NASA Astrophysics Data System}
}



@Article{RawlingsJarvis2004, 
author = {{Rawlings}, S. and {Jarvis}, M.~J.},
    title = "{Evidence that powerful radio jets have a profound influence on the evolution of galaxies}",
  journal = {\mnras},
   eprint = {astro-ph/0409687},
 keywords = {galaxies: active, galaxies: evolution, galaxies: formation, galaxies: jets, galaxies: luminosity function, mass function},
     year = 2004,
    month = dec,
   volume = 355,
    pages = {L9-L12},
      doi = {10.1111/j.1365-2966.2004.08234.x},
   adsurl = {http://adsabs.harvard.edu/abs/2004MNRAS.355L...9R},
  adsnote = {Provided by the SAO/NASA Astrophysics Data System}
}



@Article{im2002, 
author = {{Im}, M. and {Simard}, L. and {Faber}, S.~M. and {Koo}, D.~C. and 
  {Gebhardt}, K. and {Willmer}, C.~N.~A. and {Phillips}, A. and 
  {Illingworth}, G. and {Vogt}, N.~P. and {Sarajedini}, V.~L.},
    title = "{The DEEP Groth Strip Survey. X. Number Density and Luminosity Function of Field E/S0 Galaxies at z $\lt$ 1}",
  journal = {\apj},
   eprint = {astro-ph/0011092},
 keywords = {Cosmology: Observations, Galaxies: Evolution, Galaxies: Luminosity Function, Mass Function},
     year = 2002,
    month = may,
   volume = 571,
    pages = {136-171},
      doi = {10.1086/339854},
   adsurl = {http://adsabs.harvard.edu/abs/2002ApJ...571..136I},
  adsnote = {Provided by the SAO/NASA Astrophysics Data System}
}



@Article{wolf2003, 
 author = {{Wolf}, C. and {Wisotzki}, L. and {Borch}, A. and {Dye}, S. and 
  {Kleinheinrich}, M. and {Meisenheimer}, K.},
    title = "{The evolution of faint AGN between z  =\~{}  1 and z =\~{} 5 from the COMBO-17 survey}",
  journal = {\aap},
   eprint = {astro-ph/0304072},
 keywords = {surveys, galaxies: active, galaxies: Seyfert, quasars: general},
     year = 2003,
    month = sep,
   volume = 408,
    pages = {499-514},
      doi = {10.1051/0004-6361:20030990},
   adsurl = {http://adsabs.harvard.edu/abs/2003A%26A...408..499W},
  adsnote = {Provided by the SAO/NASA Astrophysics Data System}
}



@Article{siana2008, 
author = {{Siana}, B. and {Polletta}, M. and {Smith}, H.~E. and {Lonsdale}, C.~J. and 
  {Gonzalez-Solares}, E. and {Farrah}, D. and {Babbedge}, T.~S.~R. and 
  {Rowan-Robinson}, M. and {Surace}, J. and {Shupe}, D. and {Fang}, F.
  },
  journal="arXiv",
    title = "{The z{\tilde}3 QSO Luminosity Function with SWIRE}",
booktitle = {Infrared Diagnostics of Galaxy Evolution},
     year = 2008,
   series = {Astronomical Society of the Pacific Conference Series},
   volume = 381,
   editor = {{Chary}, R.-R. and {Teplitz}, H.~I. and {Sheth}, K.},
    month = mar,
    pages = {454},
   adsurl = {http://adsabs.harvard.edu/abs/2008ASPC..381..454S},
  adsnote = {Provided by the SAO/NASA Astrophysics Data System}
}



@Article{yuan2016, 
author = {{Yuan}, Z.~S. and {Han}, J.~L. and {Wen}, Z.~L.},
    title = "{Radio luminosity function of brightest cluster galaxies}",
  journal = {\mnras},
archivePrefix = "arXiv",
   eprint = {1605.03387},
 keywords = {galaxies: clusters: general, galaxies: luminosity function, mass function},
     year = 2016,
    month = aug,
   volume = 460,
    pages = {3669-3678},
      doi = {10.1093/mnras/stw1125},
   adsurl = {http://adsabs.harvard.edu/abs/2016MNRAS.460.3669Y},
  adsnote = {Provided by the SAO/NASA Astrophysics Data System}
}


@Article{miyoshi1995, 
 author = {{Miyoshi}, M. and {Moran}, J. and {Herrnstein}, J. and {Greenhill}, L. and 
  {Nakai}, N. and {Diamond}, P. and {Inoue}, M.},
    title = "{Evidence for a black hole from high rotation velocities in a sub-parsec region of NGC4258}",
  journal = {\nat},
     year = 1995,
    month = jan,
   volume = 373,
    pages = {127-129},
      doi = {10.1038/373127a0},
   adsurl = {http://adsabs.harvard.edu/abs/1995Natur.373..127M},
  adsnote = {Provided by the SAO/NASA Astrophysics Data System}
}



@Article{ghez2008, 
 author = {{Ghez}, A.~M. and {Salim}, S. and {Weinberg}, N. and {Lu}, J. and 
  {Do}, T. and {Dunn}, J.~K. and {Matthews}, K. and {Morris}, M. and 
  {Yelda}, S. and {Becklin}, E.~E.},
    title = "{Probing the properties of the Milky Way's central supermassive black hole with stellar orbits}",
    journal="arXiv",
 keywords = {Galaxy: center, Galaxy: fundamental parameters, Galaxy: kinematics and dynamics, techniques: high angular resolution, stars: distances},
booktitle = {A Giant Step: from Milli- to Micro-arcsecond Astrometry},
     year = 2008,
   series = {IAU Symposium},
   volume = 248,
   editor = {{Jin}, W.~J. and {Platais}, I. and {Perryman}, M.~A.~C.},
    month = jul,
    pages = {52-58},
      doi = {10.1017/S1743921308018620},
   adsurl = {http://adsabs.harvard.edu/abs/2008IAUS..248...52G},
  adsnote = {Provided by the SAO/NASA Astrophysics Data System}
}

@Article{ferrarese2000, 
author = {{Ferrarese}, L. and {Merritt}, D.},
    title = "{A Fundamental Relation between Supermassive Black Holes and Their Host Galaxies}",
  journal = {\apjl},
   eprint = {astro-ph/0006053},
 keywords = {Black Hole Physics, Galaxies: Evolution, Galaxies: Kinematics and Dynamics},
     year = 2000,
    month = aug,
   volume = 539,
    pages = {L9-L12},
      doi = {10.1086/312838},
   adsurl = {http://adsabs.harvard.edu/abs/2000ApJ...539L...9F},
  adsnote = {Provided by the SAO/NASA Astrophysics Data System}
}



@Article{gebhardt2000, 
author = {{Gebhardt}, K. and {Kormendy}, J. and {Ho}, L.~C. and {Bender}, R. and 
  {Bower}, G. and {Dressler}, A. and {Faber}, S.~M. and {Filippenko}, A.~V. and 
  {Green}, R. and {Grillmair}, C. and {Lauer}, T.~R. and {Magorrian}, J. and 
  {Pinkney}, J. and {Richstone}, D. and {Tremaine}, S.},
    title = "{Black Hole Mass Estimates from Reverberation Mapping and from Spatially Resolved Kinematics}",
  journal = {\apjl},
   eprint = {astro-ph/0007123},
 keywords = {Black Hole Physics, Galaxies: Active, Galaxies: Kinematics and Dynamics, Galaxies: Nuclei, Galaxies: Seyfert},
     year = 2000,
    month = nov,
   volume = 543,
    pages = {L5-L8},
      doi = {10.1086/318174},
   adsurl = {http://adsabs.harvard.edu/abs/2000ApJ...543L...5G},
  adsnote = {Provided by the SAO/NASA Astrophysics Data System}
}



@Article{springel2005, 
author = {{Springel}, V. and {Di Matteo}, T. and {Hernquist}, L.},
    title = "{Modelling feedback from stars and black holes in galaxy mergers}",
  journal = {\mnras},
   eprint = {astro-ph/0411108},
 keywords = {methods: numerical, galaxies: active, galaxies: interactions, galaxies: starburst, galaxies: structure},
     year = 2005,
    month = aug,
   volume = 361,
    pages = {776-794},
      doi = {10.1111/j.1365-2966.2005.09238.x},
   adsurl = {http://adsabs.harvard.edu/abs/2005MNRAS.361..776S},
  adsnote = {Provided by the SAO/NASA Astrophysics Data System}
}



@Article{dimatteo2005, 
author = {{Di Matteo}, T. and {Springel}, V. and {Hernquist}, L.},
    title = "{Energy input from quasars regulates the growth and activity of black holes and their host galaxies}",
  journal = {\nat},
   eprint = {astro-ph/0502199},
     year = 2005,
    month = feb,
   volume = 433,
    pages = {604-607},
      doi = {10.1038/nature03335},
   adsurl = {http://adsabs.harvard.edu/abs/2005Natur.433..604D},
  adsnote = {Provided by the SAO/NASA Astrophysics Data System}
}



@Article{croton2006,
author = {{Croton}, D.~J. and {Springel}, V. and {White}, S.~D.~M. and 
  {De Lucia}, G. and {Frenk}, C.~S. and {Gao}, L. and {Jenkins}, A. and 
  {Kauffmann}, G. and {Navarro}, J.~F. and {Yoshida}, N.},
    title = "{The many lives of active galactic nuclei: cooling flows, black holes and the luminosities and colours of galaxies}",
  journal = {\mnras},
   eprint = {astro-ph/0508046},
 keywords = {black hole physics, galaxies: active, cooling flows, galaxies: evolution, galaxies: formation, cosmology: theory},
     year = 2006,
    month = jan,
   volume = 365,
    pages = {11-28},
      doi = {10.1111/j.1365-2966.2005.09675.x},
   adsurl = {http://adsabs.harvard.edu/abs/2006MNRAS.365...11C},
  adsnote = {Provided by the SAO/NASA Astrophysics Data System}
}



@Article{bower2006,
 author = {{Bower}, R.~G. and {Benson}, A.~J. and {Malbon}, R. and {Helly}, J.~C. and 
  {Frenk}, C.~S. and {Baugh}, C.~M. and {Cole}, S. and {Lacey}, C.~G.
  },
    title = "{Breaking the hierarchy of galaxy formation}",
  journal = {\mnras},
   eprint = {astro-ph/0511338},
 keywords = {galaxies: evolution: galaxies: formation: galaxies: luminosity function, galaxies: evolution, galaxies: formation, galaxies: luminosity function},
     year = 2006,
    month = aug,
   volume = 370,
    pages = {645-655},
      doi = {10.1111/j.1365-2966.2006.10519.x},
   adsurl = {http://adsabs.harvard.edu/abs/2006MNRAS.370..645B},
  adsnote = {Provided by the SAO/NASA Astrophysics Data System}
}



@Article{ciotti2010,
author = {{Ciotti}, L. and {Ostriker}, J.~P. and {Proga}, D.},
    title = "{Feedback from Central Black Holes in Elliptical Galaxies. III. Models with Both Radiative and Mechanical Feedback}",
  journal = {\apj},
archivePrefix = "arXiv",
   eprint = {1003.0578},
 keywords = {accretion, accretion disks, black hole physics, galaxies: active, galaxies: nuclei, galaxies: starburst, quasars: general},
     year = 2010,
    month = jul,
   volume = 717,
    pages = {708-723},
      doi = {10.1088/0004-637X/717/2/708},
   adsurl = {http://adsabs.harvard.edu/abs/2010ApJ...717..708C},
  adsnote = {Provided by the SAO/NASA Astrophysics Data System}
}



@Article{ishibashi2012,
author = {{Ishibashi}, W. and {Fabian}, A.~C.},
    title = "{Active galactic nucleus feedback and triggering of star formation in galaxies}",
  journal = {\mnras},
archivePrefix = "arXiv",
   eprint = {1209.1480},
 keywords = {black hole physics, stars: formation, galaxies: active, galaxies: evolution},
     year = 2012,
    month = dec,
   volume = 427,
    pages = {2998-3005},
      doi = {10.1111/j.1365-2966.2012.22074.x},
   adsurl = {http://adsabs.harvard.edu/abs/2012MNRAS.427.2998I},
  adsnote = {Provided by the SAO/NASA Astrophysics Data System}
}




@Article{zinn2013,
author = {{Zinn}, P.-C. and {Middelberg}, E. and {Norris}, R.~P. and {Dettmar}, R.-J.
  },
    title = "{Active Galactic Nucleus Feedback Works Both Ways}",
  journal = {\apj},
archivePrefix = "arXiv",
   eprint = {1306.6468},
 keywords = {galaxies: active, galaxies: evolution, galaxies: formation, galaxies: jets, galaxies: star formation, ISM: jets and outflows },
     year = 2013,
    month = sep,
   volume = 774,
      eid = {66},
    pages = {66},
      doi = {10.1088/0004-637X/774/1/66},
   adsurl = {http://adsabs.harvard.edu/abs/2013ApJ...774...66Z},
  adsnote = {Provided by the SAO/NASA Astrophysics Data System}
}



@Article{silk2013,
author = {{Silk}, J. and {Di Cintio}, A. and {Dvorkin}, I.},
    title = "{Galaxy formation}",
  journal = {ArXiv e-prints},
archivePrefix = "arXiv",
   eprint = {1312.0107},
 primaryClass = "astro-ph.CO",
 keywords = {Astrophysics - Cosmology and Extragalactic Astrophysics},
     year = 2013,
    month = nov,
   adsurl = {http://adsabs.harvard.edu/abs/2013arXiv1312.0107S},
  adsnote = {Provided by the SAO/NASA Astrophysics Data System}
}


@Article{fischer2010,
author = {{Fischer}, J. and {Sturm}, E. and {Gonz{\'a}lez-Alfonso}, E. and 
  {Graci{\'a}-Carpio}, J. and {Hailey-Dunsheath}, S. and {Poglitsch}, A. and 
  {Contursi}, A. and {Lutz}, D. and {Genzel}, R. and {Sternberg}, A. and 
  {Verma}, A. and {Tacconi}, L.},
    title = "{Herschel-PACS spectroscopic diagnostics of local ULIRGs: Conditions and kinematics in Markarian 231}",
  journal = {\aap},
archivePrefix = "arXiv",
   eprint = {1005.2213},
 keywords = {infrared: galaxies, galaxies: ISM, quasars: absorption lines, galaxies: individual: Mrk 231},
     year = 2010,
    month = jul,
   volume = 518,
      eid = {L41},
    pages = {L41},
      doi = {10.1051/0004-6361/201014676},
   adsurl = {http://adsabs.harvard.edu/abs/2010A%26A...518L..41F},
  adsnote = {Provided by the SAO/NASA Astrophysics Data System}
}



@Article{greene2011,
author = {{Greene}, J.~E. and {Zakamska}, N.~L. and {Ho}, L.~C. and {Barth}, A.~J.
  },
    title = "{Feedback in Luminous Obscured Quasars}",
  journal = {\apj},
archivePrefix = "arXiv",
   eprint = {1102.2913},
 keywords = {galaxies: active, galaxies: nuclei, galaxies: Seyfert},
     year = 2011,
    month = may,
   volume = 732,
      eid = {9},
    pages = {9},
      doi = {10.1088/0004-637X/732/1/9},
   adsurl = {http://adsabs.harvard.edu/abs/2011ApJ...732....9G},
  adsnote = {Provided by the SAO/NASA Astrophysics Data System}
}



@Article{sturm2011,
author = {{Sturm}, E. and {Gonz{\'a}lez-Alfonso}, E. and {Veilleux}, S. and 
  {Fischer}, J. and {Graci{\'a}-Carpio}, J. and {Hailey-Dunsheath}, S. and 
  {Contursi}, A. and {Poglitsch}, A. and {Sternberg}, A. and {Davies}, R. and 
  {Genzel}, R. and {Lutz}, D. and {Tacconi}, L. and {Verma}, A. and 
  {Maiolino}, R. and {de Jong}, J.~A.},
    title = "{Massive Molecular Outflows and Negative Feedback in ULIRGs Observed by Herschel-PACS}",
  journal = {\apjl},
archivePrefix = "arXiv",
   eprint = {1105.1731},
 primaryClass = "astro-ph.CO",
 keywords = {galaxies: active, galaxies: evolution, galaxies: starburst, ISM: jets and outflows},
     year = 2011,
    month = may,
   volume = 733,
      eid = {L16},
    pages = {L16},
      doi = {10.1088/2041-8205/733/1/L16},
   adsurl = {http://adsabs.harvard.edu/abs/2011ApJ...733L..16S},
  adsnote = {Provided by the SAO/NASA Astrophysics Data System}
}



@Article{veilleux2013,
author = {{Veilleux}, S. and {Mel{\'e}ndez}, M. and {Sturm}, E. and {Gracia-Carpio}, J. and 
  {Fischer}, J. and {Gonz{\'a}lez-Alfonso}, E. and {Contursi}, A. and 
  {Lutz}, D. and {Poglitsch}, A. and {Davies}, R. and {Genzel}, R. and 
  {Tacconi}, L. and {de Jong}, J.~A. and {Sternberg}, A. and {Netzer}, H. and 
  {Hailey-Dunsheath}, S. and {Verma}, A. and {Rupke}, D.~S.~N. and 
  {Maiolino}, R. and {Teng}, S.~H. and {Polisensky}, E.},
    title = "{Fast Molecular Outflows in Luminous Galaxy Mergers: Evidence for Quasar Feedback from Herschel}",
  journal = {\apj},
archivePrefix = "arXiv",
   eprint = {1308.3139},
 keywords = {galaxies: active, galaxies: evolution, ISM: jets and outflows, ISM: molecules, quasars: general},
     year = 2013,
    month = oct,
   volume = 776,
      eid = {27},
    pages = {27},
      doi = {10.1088/0004-637X/776/1/27},
   adsurl = {http://adsabs.harvard.edu/abs/2013ApJ...776...27V},
  adsnote = {Provided by the SAO/NASA Astrophysics Data System}
}




@Article{spoon2013,
 author = {{Spoon}, H.~W.~W. and {Farrah}, D. and {Lebouteiller}, V. and 
  {Gonz{\'a}lez-Alfonso}, E. and {Bernard-Salas}, J. and {Urrutia}, T. and 
  {Rigopoulou}, D. and {Westmoquette}, M.~S. and {Smith}, H.~A. and 
  {Afonso}, J. and {Pearson}, C. and {Cormier}, D. and {Efstathiou}, A. and 
  {Borys}, C. and {Verma}, A. and {Etxaluze}, M. and {Clements}, D.~L.
  },
    title = "{Diagnostics of AGN-Driven Molecular Outflows in ULIRGs from Herschel-PACS Observations of OH at 119 {$\mu$}m}",
  journal = {\apj},
archivePrefix = "arXiv",
   eprint = {1307.6224},
 keywords = {infrared: galaxies, ISM: jets and outflows, galaxies: evolution, galaxies: ISM, quasars: absorption lines},
     year = 2013,
    month = oct,
   volume = 775,
      eid = {127},
    pages = {127},
      doi = {10.1088/0004-637X/775/2/127},
   adsurl = {http://adsabs.harvard.edu/abs/2013ApJ...775..127S},
  adsnote = {Provided by the SAO/NASA Astrophysics Data System}
}



@Article{liu2013,
author = {{Liu}, G. and {Zakamska}, N.~L. and {Greene}, J.~E. and {Nesvadba}, N.~P.~H. and 
  {Liu}, X.},
    title = "{Observations of feedback from radio-quiet quasars - II. Kinematics of ionized gas nebulae}",
  journal = {\mnras},
archivePrefix = "arXiv",
   eprint = {1305.6922},
 keywords = {quasars: emission lines},
     year = 2013,
    month = dec,
   volume = 436,
    pages = {2576-2597},
      doi = {10.1093/mnras/stt1755},
   adsurl = {http://adsabs.harvard.edu/abs/2013MNRAS.436.2576L},
  adsnote = {Provided by the SAO/NASA Astrophysics Data System}
}

@Article{cicone2014,
author = {{Cicone}, C. and {Maiolino}, R. and {Sturm}, E. and {Graci{\'a}-Carpio}, J. and 
  {Feruglio}, C. and {Neri}, R. and {Aalto}, S. and {Davies}, R. and 
  {Fiore}, F. and {Fischer}, J. and {Garc{\'{\i}}a-Burillo}, S. and 
  {Gonz{\'a}lez-Alfonso}, E. and {Hailey-Dunsheath}, S. and {Piconcelli}, E. and 
  {Veilleux}, S.},
    title = "{Massive molecular outflows and evidence for AGN feedback from CO observations}",
  journal = {\aap},
archivePrefix = "arXiv",
   eprint = {1311.2595},
 keywords = {galaxies: active, galaxies: evolution, quasars: general, radio lines: ISM, ISM: molecules, galaxies: ISM},
     year = 2014,
    month = feb,
   volume = 562,
      eid = {A21},
    pages = {A21},
      doi = {10.1051/0004-6361/201322464},
   adsurl = {http://adsabs.harvard.edu/abs/2014A%26A...562A..21C},
  adsnote = {Provided by the SAO/NASA Astrophysics Data System}
}



@Article{fabian2003,
author = {{Fabian}, A.~C. and {Sanders}, J.~S. and {Allen}, S.~W. and 
  {Crawford}, C.~S. and {Iwasawa}, K. and {Johnstone}, R.~M. and 
  {Schmidt}, R.~W. and {Taylor}, G.~B.},
    title = "{A deep Chandra observation of the Perseus cluster: shocks and ripples}",
  journal = {\mnras},
   eprint = {astro-ph/0306036},
 keywords = {shock waves, galaxies: clusters: individual: Perseus, cooling flows, intergalactic medium, X-rays: galaxies: clusters},
     year = 2003,
    month = sep,
   volume = 344,
    pages = {L43-L47},
      doi = {10.1046/j.1365-8711.2003.06902.x},
   adsurl = {http://adsabs.harvard.edu/abs/2003MNRAS.344L..43F},
  adsnote = {Provided by the SAO/NASA Astrophysics Data System}
}



@Article{fabian2006,
author = {{Fabian}, A.~C. and {Celotti}, A. and {Erlund}, M.~C.},
    title = "{Radiative pressure feedback by a quasar in a galactic bulge}",
  journal = {\mnras},
   eprint = {astro-ph/0608425},
 keywords = {radiative transfer, galaxies: nuclei, galaxies: ISM, quasars: general},
     year = 2006,
    month = nov,
   volume = 373,
    pages = {L16-L20},
      doi = {10.1111/j.1745-3933.2006.00234.x},
   adsurl = {http://adsabs.harvard.edu/abs/2006MNRAS.373L..16F},
  adsnote = {Provided by the SAO/NASA Astrophysics Data System}
}




@Article{best2006,
author = {{Best}, P.~N. and {Kaiser}, C.~R. and {Heckman}, T.~M. and {Kauffmann}, G.
  },
    title = "{AGN-controlled cooling in elliptical galaxies}",
  journal = {\mnras},
   eprint = {astro-ph/0602171},
 keywords = {galaxies: active, galaxies: evolution, galaxies: stellar content, accretion, radio continuum: galaxies},
     year = 2006,
    month = may,
   volume = 368,
    pages = {L67-L71},
      doi = {10.1111/j.1745-3933.2006.00159.x},
   adsurl = {http://adsabs.harvard.edu/abs/2006MNRAS.368L..67B},
  adsnote = {Provided by the SAO/NASA Astrophysics Data System}
}



@Article{WilliamsRottgering2015,
author = {{Williams}, W.~L. and {R{\"o}ttgering}, H.~J.~A.},
    title = "{Radio-AGN feedback: when the little ones were monsters}",
  journal = {\mnras},
archivePrefix = "arXiv",
   eprint = {1503.08927},
 keywords = {accretion, accretion discs, galaxies: active, galaxies: evolution, galaxies: jets, galaxies: luminosity function, mass function, radio continuum: galaxies},
     year = 2015,
    month = jun,
   volume = 450,
    pages = {1538-1545},
      doi = {10.1093/mnras/stv692},
   adsurl = {http://adsabs.harvard.edu/abs/2015MNRAS.450.1538W},
  adsnote = {Provided by the SAO/NASA Astrophysics Data System}
}



@Article{condon1998,
author = {{Condon}, J.~J. and {Cotton}, W.~D. and {Greisen}, E.~W. and 
  {Yin}, Q.~F. and {Perley}, R.~A. and {Taylor}, G.~B. and {Broderick}, J.~J.
  },
    title = "{The NRAO VLA Sky Survey}",
  journal = {\aj},
 keywords = {CATALOGS, METHODS: DATA ANALYSIS, METHODS: OBSERVATIONAL, RADIO CONTINUUM, SURVEYS},
     year = 1998,
    month = may,
   volume = 115,
    pages = {1693-1716},
      doi = {10.1086/300337},
   adsurl = {http://adsabs.harvard.edu/abs/1998AJ....115.1693C},
  adsnote = {Provided by the SAO/NASA Astrophysics Data System}
}


@Article{magliocchetti2018,
author = {{Magliocchetti}, M. and {Popesso}, P. and {Brusa}, M. and {Salvato}, M.
  },
    title = "{The environmental properties of radio-emitting AGN}",
  journal = {\mnras},
archivePrefix = "arXiv",
   eprint = {1805.06233},
 keywords = {galaxies: active, galaxies: starburst, dark matter, large-scale structure of Universe, cosmology: observations, radio continuum: galaxies},
     year = 2018,
    month = aug,
   volume = 478,
    pages = {3848-3854},
      doi = {10.1093/mnras/sty1309},
   adsurl = {http://adsabs.harvard.edu/abs/2018MNRAS.478.3848M},
  adsnote = {Provided by the SAO/NASA Astrophysics Data System}
}



@Article{prescott2018, 
author = {{Prescott}, M. and {Whittam}, I.~H. and {Jarvis}, M.~J. and 
  {McAlpine}, K. and {Richter}, L.~L. and {Fine}, S. and {Mauch}, T. and 
  {Heywood}, I. and {Vaccari}, M.},
    title = "{The Stripe 82 1-2 GHz Very Large Array Snapshot Survey: Multiwavelength Counterparts}",
  journal = {\mnras},
archivePrefix = "arXiv",
   eprint = {1806.10140},
 keywords = {surveys, catalogues, galaxies: evolution, galaxies: active, radio continuum: galaxies},
     year = 2018,
    month = jul,
      doi = {10.1093/mnras/sty1789},
   adsurl = {http://adsabs.harvard.edu/abs/2018MNRAS.tmp.1717P},
  adsnote = {Provided by the SAO/NASA Astrophysics Data System}
}

@ARTICLE{magliocchetti2017,
   author = {{Magliocchetti}, M. and {Popesso}, P. and {Brusa}, M. and {Salvato}, M. and 
	{Laigle}, C. and {McCracken}, H.~J. and {Ilbert}, O.},
    title = "{The clustering properties of radio-selected AGN and star-forming galaxies up to redshifts z {\tilde} 3}",
  journal = {\mnras},
archivePrefix = "arXiv",
   eprint = {1606.08286},
 keywords = {galaxies: active, galaxies: starburst, cosmology: observations, dark matter, large-scale structure of Universe, radio continuum: galaxies},
     year = 2017,
    month = jan,
   volume = 464,
    pages = {3271-3280},
      doi = {10.1093/mnras/stw2541},
   adsurl = {http://adsabs.harvard.edu/abs/2017MNRAS.464.3271M},
  adsnote = {Provided by the SAO/NASA Astrophysics Data System}
}


@ARTICLE{hale2018,
   author = {{Hale}, C.~L. and {Jarvis}, M.~J. and {Delvecchio}, I. and {Hatfield}, P.~W. and 
	{Novak}, M. and {Smol{\v c}i{\'c}}, V. and {Zamorani}, G.},
    title = "{The clustering and bias of radio-selected AGN and star-forming galaxies in the COSMOS field}",
  journal = {\mnras},
archivePrefix = "arXiv",
   eprint = {1711.05201},
 keywords = {galaxies: active, galaxies: evolution, cosmology: observations, large-scale structure of Universe, radio continuum: galaxies},
     year = 2018,
    month = mar,
   volume = 474,
    pages = {4133-4150},
      doi = {10.1093/mnras/stx2954},
   adsurl = {http://adsabs.harvard.edu/abs/2018MNRAS.474.4133H},
  adsnote = {Provided by the SAO/NASA Astrophysics Data System}
}
@ARTICLE{McLure2004,
   author = {{McLure}, R.~J. and {Willott}, C.~J. and {Jarvis}, M.~J. and 
	{Rawlings}, S. and {Hill}, G.~J. and {Mitchell}, E. and {Dunlop}, J.~S. and 
	{Wold}, M.},
    title = "{A sample of radio galaxies spanning three decades in radio luminosity - I. The host galaxy properties and black hole masses}",
  journal = {\mnras},
   eprint = {astro-ph/0403106},
 keywords = {galaxies: active, galaxies: fundamental parameters, galaxies: nuclei},
     year = 2004,
    month = jun,
   volume = 351,
    pages = {347-361},
      doi = {10.1111/j.1365-2966.2004.07793.x},
   adsurl = {http://adsabs.harvard.edu/abs/2004MNRAS.351..347M},
  adsnote = {Provided by the SAO/NASA Astrophysics Data System}
}

@ARTICLE{mccracken2015,
   author = {{McCracken}, H.~J. and {Wolk}, M. and {Colombi}, S. and {Kilbinger}, M. and 
	{Ilbert}, O. and {Peirani}, S. and {Coupon}, J. and {Dunlop}, J. and 
	{Milvang-Jensen}, B. and {Caputi}, K. and {Aussel}, H. and {B{\'e}thermin}, M. and 
	{Le F{\`e}vre}, O.},
    title = "{Probing the galaxy-halo connection in UltraVISTA to z {\tilde} 2}",
  journal = {\mnras},
archivePrefix = "arXiv",
   eprint = {1411.4983},
 keywords = {methods: statistical, galaxies: evolution, galaxies: formation, large-scale structure of Universe},
     year = 2015,
    month = may,
   volume = 449,
    pages = {901-916},
      doi = {10.1093/mnras/stv305},
   adsurl = {http://adsabs.harvard.edu/abs/2015MNRAS.449..901M},
  adsnote = {Provided by the SAO/NASA Astrophysics Data System}
}
@ARTICLE{Hatfield2016,
   author = {{Hatfield}, P.~W. and {Lindsay}, S.~N. and {Jarvis}, M.~J. and 
	{H{\"a}u{\ss}ler}, B. and {Vaccari}, M. and {Verma}, A.},
    title = "{The galaxy-halo connection in the VIDEO survey at 0.5 $\lt$ z $\lt$ 1.7}",
  journal = {\mnras},
archivePrefix = "arXiv",
   eprint = {1511.05476},
 keywords = {techniques: photometric, galaxies: evolution, galaxies: high-redshift, galaxies: star formation, large scale structure of Universe},
     year = 2016,
    month = jul,
   volume = 459,
    pages = {2618-2631},
      doi = {10.1093/mnras/stw769},
   adsurl = {http://adsabs.harvard.edu/abs/2016MNRAS.459.2618H},
  adsnote = {Provided by the SAO/NASA Astrophysics Data System}
}
@ARTICLE{Norberg2002,
   author = {{Norberg}, P. and {Baugh}, C.~M. and {Hawkins}, E. and {Maddox}, S. and 
	{Madgwick}, D. and {Lahav}, O. and {Cole}, S. and {Frenk}, C.~S. and 
	{Baldry}, I. and {Bland-Hawthorn}, J. and {Bridges}, T. and 
	{Cannon}, R. and {Colless}, M. and {Collins}, C. and {Couch}, W. and 
	{Dalton}, G. and {De Propris}, R. and {Driver}, S.~P. and {Efstathiou}, G. and 
	{Ellis}, R.~S. and {Glazebrook}, K. and {Jackson}, C. and {Lewis}, I. and 
	{Lumsden}, S. and {Peacock}, J.~A. and {Peterson}, B.~A. and 
	{Sutherland}, W. and {Taylor}, K.},
    title = "{The 2dF Galaxy Redshift Survey: the dependence of galaxy clustering on luminosity and spectral type}",
  journal = {\mnras},
   eprint = {astro-ph/0112043},
 keywords = {methods: numerical, methods: statistical, galaxies: formation, large-scale structure of Universe},
     year = 2002,
    month = jun,
   volume = 332,
    pages = {827-838},
      doi = {10.1046/j.1365-8711.2002.05348.x},
   adsurl = {http://adsabs.harvard.edu/abs/2002MNRAS.332..827N},
  adsnote = {Provided by the SAO/NASA Astrophysics Data System}
}

@ARTICLE{Zehavi2011,
   author = {{Zehavi}, I. and {Zheng}, Z. and {Weinberg}, D.~H. and {Blanton}, M.~R. and 
	{Bahcall}, N.~A. and {Berlind}, A.~A. and {Brinkmann}, J. and 
	{Frieman}, J.~A. and {Gunn}, J.~E. and {Lupton}, R.~H. and {Nichol}, R.~C. and 
	{Percival}, W.~J. and {Schneider}, D.~P. and {Skibba}, R.~A. and 
	{Strauss}, M.~A. and {Tegmark}, M. and {York}, D.~G.},
    title = "{Galaxy Clustering in the Completed SDSS Redshift Survey: The Dependence on Color and Luminosity}",
  journal = {\apj},
archivePrefix = "arXiv",
   eprint = {1005.2413},
 keywords = {cosmology: observations, cosmology: theory, galaxies: distances and redshifts, galaxies: halos, galaxies: statistics, large-scale structure of universe},
     year = 2011,
    month = jul,
   volume = 736,
      eid = {59},
    pages = {59},
      doi = {10.1088/0004-637X/736/1/59},
   adsurl = {http://adsabs.harvard.edu/abs/2011ApJ...736...59Z},
  adsnote = {Provided by the SAO/NASA Astrophysics Data System}
}
@ARTICLE{Madgwick2003,
   author = {{Madgwick}, D.~S. and {Hawkins}, E. and {Lahav}, O. and {Maddox}, S. and 
	{Norberg}, P. and {Peacock}, J.~A. and {Baldry}, I.~K. and {Baugh}, C.~M. and 
	{Bland-Hawthorn}, J. and {Bridges}, T. and {Cannon}, R. and 
	{Cole}, S. and {Colless}, M. and {Collins}, C. and {Couch}, W. and 
	{Dalton}, G. and {De Propris}, R. and {Driver}, S.~P. and {Efstathiou}, G. and 
	{Ellis}, R.~S. and {Frenk}, C.~S. and {Glazebrook}, K. and {Jackson}, C. and 
	{Lewis}, I. and {Lumsden}, S. and {Peterson}, B.~A. and {Sutherland}, W. and 
	{Taylor}, K.},
    title = "{The 2dF Galaxy Redshift Survey: galaxy clustering per spectral type}",
  journal = {\mnras},
   eprint = {astro-ph/0303668},
 keywords = {surveys, galaxies: distances and redshifts, galaxies: statistics, cosmological parameters, large-scale structure of Universe},
     year = 2003,
    month = sep,
   volume = 344,
    pages = {847-856},
      doi = {10.1046/j.1365-8711.2003.06861.x},
   adsurl = {http://adsabs.harvard.edu/abs/2003MNRAS.344..847M},
  adsnote = {Provided by the SAO/NASA Astrophysics Data System}
}
@ARTICLE{Wang2018,
   author = {{Wang}, L. and {Li}, C.},
    title = "{Revisiting the clustering of narrow-line AGN in the local Universe: Joint dependence on stellar mass and color}",
  journal = {ArXiv e-prints},
archivePrefix = "arXiv",
   eprint = {1807.06395},
 keywords = {Astrophysics - Astrophysics of Galaxies},
     year = 2018,
    month = jul,
   adsurl = {http://adsabs.harvard.edu/abs/2018arXiv180706395W},
  adsnote = {Provided by the SAO/NASA Astrophysics Data System}
}
@ARTICLE{LaingBridle2014,
   author = {{Laing}, R.~A. and {Bridle}, A.~H.},
    title = "{Systematic properties of decelerating relativistic jets in low-luminosity radio galaxies}",
  journal = {\mnras},
archivePrefix = "arXiv",
   eprint = {1311.1015},
     year = 2014,
    month = feb,
   volume = 437,
    pages = {3405-3441},
      doi = {10.1093/mnras/stt2138},
   adsurl = {http://adsabs.harvard.edu/abs/2014MNRAS.437.3405L},
  adsnote = {Provided by the SAO/NASA Astrophysics Data System}
}

@ARTICLE{HardcastleKrause2013,
   author = {{Hardcastle}, M.~J. and {Krause}, M.~G.~H.},
    title = "{Numerical modelling of the lobes of radio galaxies in cluster environments}",
  journal = {\mnras},
archivePrefix = "arXiv",
   eprint = {1301.2531},
 keywords = {hydrodynamics, galaxies: active, galaxies: jets, radio continuum: galaxies},
     year = 2013,
    month = mar,
   volume = 430,
    pages = {174-196},
      doi = {10.1093/mnras/sts564},
   adsurl = {http://adsabs.harvard.edu/abs/2013MNRAS.430..174H},
  adsnote = {Provided by the SAO/NASA Astrophysics Data System}
}

@INPROCEEDINGS{maia2004, 
   author = {{Maia}, M.~A.~G. and {Willmer}, C.~N.~A. and {Rossetto}, B.~M. and 
	{Machado}, R.~S.},
    title = "{Effects of the environment on the properties of Seyfert galaxies}",
booktitle = {The Interplay Among Black Holes, Stars and ISM in Galactic Nuclei},
     year = 2004,
   series = {IAU Symposium},
   volume = 222,
   eprint = {astro-ph/0404380},
   editor = {{Storchi-Bergmann}, T. and {Ho}, L.~C. and {Schmitt}, H.~R.},
    month = nov,
    pages = {435-438},
      doi = {10.1017/S1743921304002819},
   adsurl = {http://adsabs.harvard.edu/abs/2004IAUS..222..435M},
  adsnote = {Provided by the SAO/NASA Astrophysics Data System}
}

@Article{draper2012,
author = {{Draper}, A.~R. and {Ballantyne}, D.~R.},
    title = "{The Merger-triggered Active Galactic Nucleus Contribution to the Ultraluminous Infrared Galaxy Population}",
  journal = {\apjl},
archivePrefix = "arXiv",
   eprint = {1206.1052},
 keywords = {galaxies: active, galaxies: Seyfert, galaxies: starburst, infrared: galaxies, quasars: general},
     year = 2012,
    month = jul,
   volume = 753,
      eid = {L37},
    pages = {L37},
      doi = {10.1088/2041-8205/753/2/L37},
   adsurl = {http://adsabs.harvard.edu/abs/2012ApJ...753L..37D},
  adsnote = {Provided by the SAO/NASA Astrophysics Data System}
}

@ARTICLE{hatch2011,
       author = {{Hatch}, N.~A. and {De Breuck}, C. and {Galametz}, A. and {Miley}, G.~K.
        and {Overzier}, R.~A. and {R{\"o}ttgering}, H.~J.~A. and
        {Doherty}, M. and {Kodama}, T. and {Kurk}, J.~D. and {Seymour},
        N. and {Venemans}, B.~P. and {Vernet}, J. and {Zirm}, A.~W.},
        title = "{Galaxy protocluster candidates around z̃ 2.4 radio galaxies}",
      journal = {\mnras},
     keywords = {galaxies: clusters: general, galaxies: high-redshift, Astrophysics -
        Cosmology and Nongalactic Astrophysics},
         year = 2011,
        month = Jan,
       volume = {410},
        pages = {1537-1549},
          doi = {10.1111/j.1365-2966.2010.17538.x},
archivePrefix = {arXiv},
       eprint = {1008.4588},
 primaryClass = {astro-ph.CO},
       adsurl = {https://ui.adsabs.harvard.edu/#abs/2011MNRAS.410.1537H},
      adsnote = {Provided by the SAO/NASA Astrophysics Data System}
}

@ARTICLE{orsi2016,
       author = {{Orsi}, {\'A}lvaro A. and {Fanidakis}, Nikos and {Lacey}, Cedric G. and
        {Baugh}, Carlton M.},
        title = "{The environments of high-redshift radio galaxies and quasars: probes of
        protoclusters}",
      journal = {\mnras},
     keywords = {methods: numerical, galaxies: evolution, galaxies: high-redshift, large-
        scale structure of Universe, Astrophysics - Astrophysics of
        Galaxies, Astrophysics - Cosmology and Nongalactic Astrophysics},
         year = 2016,
        month = Mar,
       volume = {456},
        pages = {3827-3839},
          doi = {10.1093/mnras/stv2919},
 primaryClass = {astro-ph.GA},
       adsurl = {https://ui.adsabs.harvard.edu/#abs/2016MNRAS.456.3827O},
      adsnote = {Provided by the SAO/NASA Astrophysics Data System}
}

@ARTICLE{izquierdo-villalba2018,
       author = {{Izquierdo-Villalba}, David and {Orsi}, {\'A}lvaro A. and {Bonoli},
        Silvia and {Lacey}, Cedric G. and {Baugh}, Carlton M. and
        {Griffin}, Andrew J.},
        title = "{The environment of radio galaxies: a signature of AGN feedback at high
        redshifts}",
      journal = {\mnras},
     keywords = {galaxies: active, methods: numerical, galaxies: high-redshift, radio
        continuum: galaxies, Astrophysics - Astrophysics of Galaxies,
        Astrophysics - Cosmology and Nongalactic Astrophysics},
         year = 2018,
        month = Oct,
       volume = {480},
        pages = {1340-1352},
          doi = {10.1093/mnras/sty1941},
 primaryClass = {astro-ph.GA},
       adsurl = {https://ui.adsabs.harvard.edu/#abs/2018MNRAS.480.1340I},
      adsnote = {Provided by the SAO/NASA Astrophysics Data System}
}

@ARTICLE{blanton2005,
   author = {{Blanton}, M.~R. and {Schlegel}, D.~J. and {Strauss}, M.~A. and 
	{Brinkmann}, J. and {Finkbeiner}, D. and {Fukugita}, M. and 
	{Gunn}, J.~E. and {Hogg}, D.~W. and {Ivezi{\'c}}, {\v Z}. and 
	{Knapp}, G.~R. and {Lupton}, R.~H. and {Munn}, J.~A. and {Schneider}, D.~P. and 
	{Tegmark}, M. and {Zehavi}, I.},
    title = "{New York University Value-Added Galaxy Catalog: A Galaxy Catalog Based on New Public Surveys}",
  journal = {\aj},
   eprint = {astro-ph/0410166},
 keywords = {Galaxies: Distances and Redshifts, Galaxies: Photometry, Galaxies: Statistics},
     year = 2005,
    month = jun,
   volume = 129,
    pages = {2562-2578},
      doi = {10.1086/429803},
   adsurl = {http://adsabs.harvard.edu/abs/2005AJ....129.2562B},
  adsnote = {Provided by the SAO/NASA Astrophysics Data System}
}

@ARTICLE{tumlinson2017,
       author = {{Tumlinson}, Jason and {Peeples}, Molly S. and {Werk}, Jessica K.},
        title = "{The Circumgalactic Medium}",
      journal = {\araa},
     keywords = {Astrophysics - Astrophysics of Galaxies},
         year = "2017",
        month = "Aug",
       volume = {55},
       number = {1},
        pages = {389-432},
          doi = {10.1146/annurev-astro-091916-055240},
archivePrefix = {arXiv},
       eprint = {1709.09180},
 primaryClass = {astro-ph.GA},
       adsurl = {https://ui.adsabs.harvard.edu/abs/2017ARA&A..55..389T},
      adsnote = {Provided by the SAO/NASA Astrophysics Data System}
}
