@ARTICLE{HeckmanBest2014,
       author = {{Heckman}, Timothy M. and {Best}, Philip N.},
        title = "{The Coevolution of Galaxies and Supermassive Black Holes: Insights from Surveys of the Contemporary Universe}",
      journal = {\araa},
     keywords = {Astrophysics - Astrophysics of Galaxies, Astrophysics - Cosmology and Nongalactic Astrophysics, Astrophysics - High Energy Astrophysical Phenomena},
         year = "2014",
        month = "Aug",
       volume = {52},
        pages = {589-660},
          doi = {10.1146/annurev-astro-081913-035722},
archivePrefix = {arXiv},
       eprint = {1403.4620},
 primaryClass = {astro-ph.GA},
       adsurl = {https://ui.adsabs.harvard.edu/abs/2014ARA&A..52..589H},
      adsnote = {Provided by the SAO/NASA Astrophysics Data System}
}

@ARTICLE{Fabian2012,
       author = {{Fabian}, A.~C.},
        title = "{Observational Evidence of Active Galactic Nuclei Feedback}",
      journal = {\araa},
     keywords = {Astrophysics - Cosmology and Nongalactic Astrophysics, Astrophysics - High Energy Astrophysical Phenomena},
         year = "2012",
        month = "Sep",
       volume = {50},
        pages = {455-489},
          doi = {10.1146/annurev-astro-081811-125521},
archivePrefix = {arXiv},
       eprint = {1204.4114},
 primaryClass = {astro-ph.CO},
       adsurl = {https://ui.adsabs.harvard.edu/abs/2012ARA&A..50..455F},
      adsnote = {Provided by the SAO/NASA Astrophysics Data System}
}

@ARTICLE{KormendyHo2013,
       author = {{Kormendy}, John and {Ho}, Luis C.},
        title = "{Coevolution (Or Not) of Supermassive Black Holes and Host Galaxies}",
      journal = {\araa},
     keywords = {Astrophysics - Cosmology and Nongalactic Astrophysics},
         year = "2013",
        month = "Aug",
       volume = {51},
       number = {1},
        pages = {511-653},
          doi = {10.1146/annurev-astro-082708-101811},
archivePrefix = {arXiv},
       eprint = {1304.7762},
 primaryClass = {astro-ph.CO},
       adsurl = {https://ui.adsabs.harvard.edu/abs/2013ARA&A..51..511K},
      adsnote = {Provided by the SAO/NASA Astrophysics Data System}
}



