@ARTICLE{BaadeMinkowski1954,
       author = {{Baade}, W. and {Minkowski}, R.},
        title = "{Identification of the Radio Sources in Cassiopeia, Cygnus A, and Puppis A.}",
      journal = {\apj},
         year = "1954",
        month = "Jan",
       volume = {119},
        pages = {206},
          doi = {10.1086/145812},
       adsurl = {https://ui.adsabs.harvard.edu/abs/1954ApJ...119..206B},
      adsnote = {Provided by the SAO/NASA Astrophysics Data System}
}

@ARTICLE{Seymour2007,
       author = {{Seymour}, Nick and {Stern}, Daniel and {De Breuck}, Carlos and
         {Vernet}, Joel and {Rettura}, Alessandro and {Dickinson}, Mark and
         {Dey}, Arjun and {Eisenhardt}, Peter and {Fosbury}, Robert and
         {Lacy}, Mark and {McCarthy}, Pat and {Miley}, George and
         {Rocca-Volmerange}, Brigitte and {R{\"o}ttgering}, Huub and
         {Stanford}, S. Adam and {Teplitz}, Harry and {van Breugel}, Wil and
         {Zirm}, Andrew},
        title = "{The Massive Hosts of Radio Galaxies across Cosmic Time}",
      journal = {\apjs},
     keywords = {Galaxies: Active, Galaxies: Evolution, Galaxies: High-Redshift, Astrophysics},
         year = "2007",
        month = "Aug",
       volume = {171},
       number = {2},
        pages = {353-375},
          doi = {10.1086/517887},
archivePrefix = {arXiv},
       eprint = {astro-ph/0703224},
 primaryClass = {astro-ph},
       adsurl = {https://ui.adsabs.harvard.edu/abs/2007ApJS..171..353S},
      adsnote = {Provided by the SAO/NASA Astrophysics Data System}
}

@ARTICLE{Jansky1933a,
       author = {{Jansky}, Karl G.},
        title = "{Radio Waves from Outside the Solar System}",
      journal = {\nat},
         year = "1933",
        month = "Jul",
       volume = {132},
       number = {3323},
        pages = {66},
          doi = {10.1038/132066a0},
       adsurl = {https://ui.adsabs.harvard.edu/abs/1933Natur.132...66J},
      adsnote = {Provided by the SAO/NASA Astrophysics Data System}
}

@ARTICLE{Jansky1933b,
       author = {{Jansky}, Karl G.},
        title = "{Electrical phenomena that apparently are of interstellar origin}",
      journal = {Popular Astronomy},
         year = "1933",
        month = "Dec",
       volume = {41},
        pages = {548-555},
       adsurl = {https://ui.adsabs.harvard.edu/abs/1933PA.....41..548J},
      adsnote = {Provided by the SAO/NASA Astrophysics Data System}
}

@ARTICLE{reber1940,
       author = {{Reber}, Grote},
        title = "{Notes: Cosmic Static.}",
      journal = {\apj},
     keywords = {radio astronomy, galaxy},
         year = "1940",
        month = "Jun",
       volume = {91},
        pages = {621-624},
          doi = {10.1086/144197},
       adsurl = {https://ui.adsabs.harvard.edu/abs/1940ApJ....91..621R},
      adsnote = {Provided by the SAO/NASA Astrophysics Data System}
}

@ARTICLE{McCarthy1993,
       author = {{McCarthy}, Patrick J.},
        title = "{Distant Radio Galaxies in the Near-IR}",
      journal = {\pasp},
     keywords = {Astrometry, Near Infrared Radiation, Radio Galaxies, Radio Sources (Astronomy), Sky Surveys (Astronomy), Star Formation, Astronomical Photometry, Cosmology, Red Shift, Southern Hemisphere, Astrophysics, INFRARED: GALAXIES},
         year = "1993",
        month = "Sep",
       volume = {105},
        pages = {1051},
          doi = {10.1086/133281},
       adsurl = {https://ui.adsabs.harvard.edu/abs/1993PASP..105.1051M},
      adsnote = {Provided by the SAO/NASA Astrophysics Data System}
}

@Article{rocca-volmerange2004, 
author = {{Rocca-Volmerange}, B. and {Le Borgne}, D. and {De Breuck}, C. and 
	{Fioc}, M. and {Moy}, E.},
    title = "{The radio galaxy K-z relation: The 10$^{12}$ M$_{âŠ™}$ mass limit. Masses of galaxies from the L$_{K}$ luminosity, up to z $\gt$ 4}",
  journal = {\aap},
   eprint = {astro-ph/0311490},
 keywords = {galaxies: evolution, galaxies: fundamental parameters, galaxies: distances and redshifts, cosmology: observations},
     year = 2004,
    month = mar,
   volume = 415,
    pages = {931-940},
      doi = {10.1051/0004-6361:20031717},
   adsurl = {http://adsabs.harvard.edu/abs/2004A%26A...415..931R},
  adsnote = {Provided by the SAO/NASA Astrophysics Data System}
}

@ARTICLE{Jarvis2001,
       author = {{Jarvis}, Matt J. and {Rawlings}, Steve and {Eales}, Steve and
        {Blundell}, Katherine M. and {Bunker}, Andrew J. and {Croft},
        Steve and {McLure}, Ross J. and {Willott}, Chris J.},
        title = "{A sample of 6C radio sources designed to find objects at redshift z\&gt;4 - III. Imaging and the radio galaxy K-z relation}",
      journal = {\mnras},
     keywords = {galaxies: active, galaxies: evolution, galaxies: formation, Astrophysics},
         year = 2001,
        month = Oct,
       volume = {326},
        pages = {1585-1600},
          doi = {10.1111/j.1365-2966.2001.04730.x},
archivePrefix = {arXiv},
       eprint = {astro-ph/0106130},
 primaryClass = {astro-ph},
       adsurl = {https://ui.adsabs.harvard.edu/\#abs/2001MNRAS.326.1585J},
      adsnote = {Provided by the SAO/NASA Astrophysics Data System}
}

@ARTICLE{MileyDeBreuck2008,
       author = {{Miley}, George and {De Breuck}, Carlos},
        title = "{Distant radio galaxies and their environments}",
      journal = {\aapr},
     keywords = {Radio galaxies, High-redshift, Massive galaxies, Clusters, Astrophysics},
         year = "2008",
        month = "Feb",
       volume = {15},
       number = {2},
        pages = {67-144},
          doi = {10.1007/s00159-007-0008-z},
archivePrefix = {arXiv},
       eprint = {0802.2770},
 primaryClass = {astro-ph},
       adsurl = {https://ui.adsabs.harvard.edu/abs/2008A&ARv..15...67M},
      adsnote = {Provided by the SAO/NASA Astrophysics Data System}
}

@ARTICLE{Waddington1999,
       author = {{Waddington}, I. and {Windhorst}, R.~A. and {Cohen}, S.~H. and
         {Partridge}, R.~B. and {Spinrad}, H. and {Stern}, D.},
        title = "{NICMOS Imaging of the Dusty Microjansky Radio Source VLA J123642+621331 at z = 4.424}",
      journal = {\apj},
     keywords = {GALAXIES: ACTIVE, GALAXIES: EVOLUTION, GALAXIES: INDIVIDUAL: ALPHANUMERIC: VLA J123642+621331, GALAXIES: STARBURST, Galaxies: Active, Galaxies: Evolution, Galaxies: Individual: Alphanumeric: VLA J123642+621331, Galaxies: Starburst, Astrophysics},
         year = "1999",
        month = "Dec",
       volume = {526},
       number = {2},
        pages = {L77-L80},
          doi = {10.1086/312375},
archivePrefix = {arXiv},
       eprint = {astro-ph/9910069},
 primaryClass = {astro-ph},
       adsurl = {https://ui.adsabs.harvard.edu/abs/1999ApJ...526L..77W},
      adsnote = {Provided by the SAO/NASA Astrophysics Data System}
}

@ARTICLE{VanBreugel1999,
       author = {{van Breugel}, Wil and {De Breuck}, Carlos and {Stanford}, S.~A. and
         {Stern}, Daniel and {R{\"o}ttgering}, Huub and {Miley}, George},
        title = "{A Radio Galaxy at z = 5.19}",
      journal = {\apj},
     keywords = {COSMOLOGY: EARLY UNIVERSE, GALAXIES: ACTIVE, GALAXIES: DISTANCES AND REDSHIFTS, GALAXIES: FORMATION, GALAXIES: INDIVIDUAL: ALPHANUMERIC: TN J0924-2201, Cosmology: Early Universe, Galaxies: Active, Galaxies: Distances and Redshifts, Galaxies: Formation, Galaxies: Individual: Alphanumeric: TN J0924-2201, Astrophysics},
         year = "1999",
        month = "Jun",
       volume = {518},
       number = {2},
        pages = {L61-L64},
          doi = {10.1086/312080},
archivePrefix = {arXiv},
       eprint = {astro-ph/9904272},
 primaryClass = {astro-ph},
       adsurl = {https://ui.adsabs.harvard.edu/abs/1999ApJ...518L..61V},
      adsnote = {Provided by the SAO/NASA Astrophysics Data System}
}

@ARTICLE{Jarvis2009,
       author = {{Jarvis}, Matt J. and {Teimourian}, Hanifa and {Simpson}, Chris and
         {Smith}, Daniel J.~B. and {Rawlings}, Steve and {Bonfield}, David},
        title = "{The discovery of a typical radio galaxy at z = 4.88}",
      journal = {\mnras},
     keywords = {galaxies: formation, galaxies: high-redshift, galaxies: individual: J163912.11+405236.5, radio continuum: galaxies, Astrophysics - Cosmology and Nongalactic Astrophysics, Astrophysics - Astrophysics of Galaxies},
         year = "2009",
        month = "Sep",
       volume = {398},
       number = {1},
        pages = {L83-L87},
          doi = {10.1111/j.1745-3933.2009.00715.x},
archivePrefix = {arXiv},
       eprint = {0907.1447},
 primaryClass = {astro-ph.CO},
       adsurl = {https://ui.adsabs.harvard.edu/abs/2009MNRAS.398L..83J},
      adsnote = {Provided by the SAO/NASA Astrophysics Data System}
}

@ARTICLE{Saxena2018,
       author = {{Saxena}, A. and {Marinello}, M. and {Overzier}, R.~A. and
         {Best}, P.~N. and {R{\"o}ttgering}, H.~J.~A. and {Duncan}, K.~J. and
         {Prandoni}, I. and {Pentericci}, L. and {Magliocchetti}, M. and
         {Paris}, D.},
        title = "{Discovery of a radio galaxy at z = 5.72}",
      journal = {\mnras},
     keywords = {galaxies: high-redshift, galaxies: individual: TGSS J1530+1049, Astrophysics - Astrophysics of Galaxies},
         year = "2018",
        month = "Oct",
       volume = {480},
       number = {2},
        pages = {2733-2742},
          doi = {10.1093/mnras/sty1996},
archivePrefix = {arXiv},
       eprint = {1806.01191},
 primaryClass = {astro-ph.GA},
       adsurl = {https://ui.adsabs.harvard.edu/abs/2018MNRAS.480.2733S},
      adsnote = {Provided by the SAO/NASA Astrophysics Data System}
}

@ARTICLE{LillyLongair1984,
       author = {{Lilly}, S.~J. and {Longair}, M.~S.},
        title = "{Stellar populations in distant radio galaxies.}",
      journal = {\mnras},
     keywords = {Infrared Astronomy, Radio Astronomy, Radio Galaxies, Red Shift, Star Distribution, Elliptical Galaxies, Hertzsprung-Russell Diagram, Stellar Color, Stellar Magnitude, Stellar Spectrophotometry, Astronomy},
         year = "1984",
        month = "Dec",
       volume = {211},
        pages = {833-855},
          doi = {10.1093/mnras/211.4.833},
       adsurl = {https://ui.adsabs.harvard.edu/abs/1984MNRAS.211..833L},
      adsnote = {Provided by the SAO/NASA Astrophysics Data System}
}

@ARTICLE{Willott2003,
       author = {{Willott}, Chris J. and {Rawlings}, Steve and {Jarvis}, Matt J. and
         {Blundell}, Katherine M.},
        title = "{Near-infrared imaging and the K-z relation for radio galaxies in the 7C Redshift Survey}",
      journal = {\mnras},
     keywords = {galaxies: active, galaxies: evolution, galaxies: formation, radio continuum: galaxies, Astrophysics},
         year = "2003",
        month = "Feb",
       volume = {339},
       number = {1},
        pages = {173-188},
          doi = {10.1046/j.1365-8711.2003.06172.x},
archivePrefix = {arXiv},
       eprint = {astro-ph/0209439},
 primaryClass = {astro-ph},
       adsurl = {https://ui.adsabs.harvard.edu/abs/2003MNRAS.339..173W},
      adsnote = {Provided by the SAO/NASA Astrophysics Data System}
}

@ARTICLE{MadauDickinson2014,
       author = {{Madau}, Piero and {Dickinson}, Mark},
        title = "{Cosmic Star-Formation History}",
      journal = {\araa},
     keywords = {Astrophysics - Cosmology and Nongalactic Astrophysics},
         year = "2014",
        month = "Aug",
       volume = {52},
        pages = {415-486},
          doi = {10.1146/annurev-astro-081811-125615},
archivePrefix = {arXiv},
       eprint = {1403.0007},
 primaryClass = {astro-ph.CO},
       adsurl = {https://ui.adsabs.harvard.edu/abs/2014ARA&A..52..415M},
      adsnote = {Provided by the SAO/NASA Astrophysics Data System}
}

@ARTICLE{Lacy1994a,
       author = {{Lacy}, M. and {Miley}, G. and {Rawlings}, S. and {Saunders}, R. and
         {Dickinson}, M. and {Garrington}, S. and {Maddox}, S. and {Pooley}, G. and
         {Steidel}, C.~C. and {Bremer}, M.~N.},
        title = "{8C 1435+635: a radio galaxy at z = 4.25.}",
      journal = {\mnras},
     keywords = {Radio Galaxies: Redshifts, Radio Galaxies: Gravitational Lenses},
         year = "1994",
        month = "Nov",
       volume = {271},
        pages = {504-512},
          doi = {10.1093/mnras/271.2.504},
       adsurl = {https://ui.adsabs.harvard.edu/abs/1994MNRAS.271..504L},
      adsnote = {Provided by the SAO/NASA Astrophysics Data System}
}

@ARTICLE{Miley1989,
       author = {{Miley}, G. and {Chambers}, K. and {Hunstead}, R. and {Macchetto}, F. and
         {Roland}, J. and {Roettgering}, H.~J.~A. and {Schilizzi}, R.~T.},
        title = "{A study of the most distant radio galaxies. Profile of a key programme.}",
      journal = {The Messenger},
     keywords = {Radio Galaxies: Distances, Radio Galaxies: Lyman Alpha},
         year = "1989",
        month = "Jun",
       volume = {56},
        pages = {16-18},
       adsurl = {https://ui.adsabs.harvard.edu/abs/1989Msngr..56...16M},
      adsnote = {Provided by the SAO/NASA Astrophysics Data System}
}


@ARTICLE{Best2005,
       author = {{Best}, P.~N. and {Kauffmann}, G. and {Heckman}, T.~M. and
         {Ivezi{\'c}}, {\v{Z}}.},
        title = "{A sample of radio-loud active galactic nuclei in the Sloan Digital Sky Survey}",
      journal = {\mnras},
     keywords = {surveys, galaxies: active, galaxies: evolution, galaxies: luminosity function, mass function, galaxies: starburst, radio continuum: galaxies, Astrophysics},
         year = "2005",
        month = "Sep",
       volume = {362},
       number = {1},
        pages = {9-24},
          doi = {10.1111/j.1365-2966.2005.09283.x},
archivePrefix = {arXiv},
       eprint = {astro-ph/0506268},
 primaryClass = {astro-ph},
       adsurl = {https://ui.adsabs.harvard.edu/abs/2005MNRAS.362....9B},
      adsnote = {Provided by the SAO/NASA Astrophysics Data System}
}

@ARTICLE{Wilson1995,
       author = {{Wilson}, A.~S. and {Colbert}, E.~J.~M.},
        title = "{The Difference between Radio-loud and Radio-quiet Active Galaxies}",
      journal = {\apj},
     keywords = {Active Galactic Nuclei, Black Holes (Astronomy), Luminosity, Radio Jets (Astronomy), Cosmology, Interacting Galaxies, Quasars, Radio Astronomy, Astrophysics, BLACK HOLE PHYSICS, GALAXIES: ACTIVE, GALAXIES: INTERACTIONS, GALAXIES: NUCLEI, GALAXIES: QUASARS: GENERAL, RADIO CONTINUUM: GALAXIES, Astrophysics},
         year = "1995",
        month = "Jan",
       volume = {438},
        pages = {62},
          doi = {10.1086/175054},
archivePrefix = {arXiv},
       eprint = {astro-ph/9408005},
 primaryClass = {astro-ph},
       adsurl = {https://ui.adsabs.harvard.edu/abs/1995ApJ...438...62W},
      adsnote = {Provided by the SAO/NASA Astrophysics Data System}
}

@ARTICLE{Morabito2018,
       author = {{Morabito}, Leah K. and {Harwood}, Jeremy J.},
        title = "{Investigating the cause of the {\ensuremath{\alpha}}-z relation}",
      journal = {\mnras},
     keywords = {acceleration of particles, radiation mechanisms: non-thermal, galaxies: active, galaxies: jets, radio continuum: galaxies, Astrophysics - Astrophysics of Galaxies, Astrophysics - Cosmology and Nongalactic Astrophysics},
         year = "2018",
        month = "Oct",
       volume = {480},
       number = {2},
        pages = {2726-2732},
          doi = {10.1093/mnras/sty2019},
archivePrefix = {arXiv},
       eprint = {1807.09793},
 primaryClass = {astro-ph.GA},
       adsurl = {https://ui.adsabs.harvard.edu/abs/2018MNRAS.480.2726M},
      adsnote = {Provided by the SAO/NASA Astrophysics Data System}
}

@ARTICLE{Best1998b,
       author = {{Best}, P.~N. and {Longair}, M.~S. and {Roettgering}, H.~J.~A.},
        title = "{HST, radio and infrared observations of 28 3CR radio galaxies at redshift z\raisebox{-0.5ex}\textasciitilde1 - II. Old stellar populations in central cluster galaxies}",
      journal = {\mnras},
     keywords = {Hubble Space Telescope, Radio Galaxies, Infrared Astronomy, Radio Astronomy, Red Shift, Galactic Clusters, Star Distribution, Infrared Imagery, Spectral Energy Distribution, Spectral Emission, Stellar Magnitude, Stellar Evolution, Astronomy, GALAXIES: ACTIVE, GALAXIES: EVOLUTION, GALAXIES: FUNDAMENTAL PARAMETERS, INFRARED: GALAXIES, RADIO CONTINUUM: GALAXIES, Astrophysics},
         year = "1998",
        month = "Apr",
       volume = {295},
       number = {3},
        pages = {549-567},
          doi = {10.1046/j.1365-8711.1998.01245.x},
archivePrefix = {arXiv},
       eprint = {astro-ph/9709195},
 primaryClass = {astro-ph},
       adsurl = {https://ui.adsabs.harvard.edu/abs/1998MNRAS.295..549B},
      adsnote = {Provided by the SAO/NASA Astrophysics Data System}
}


@ARTICLE{McLureDunlop2000,
       author = {{McLure}, R.~J. and {Dunlop}, J.~S.},
        title = "{The evolution of 3CR radio galaxies from z1}",
      journal = {\mnras},
     keywords = {GALAXIES: ACTIVE, GALAXIES: EVOLUTION, GALAXIES: FUNDAMENTAL PARAMETERS, Astrophysics},
         year = "2000",
        month = "Sep",
       volume = {317},
       number = {2},
        pages = {249-258},
          doi = {10.1046/j.1365-8711.2000.03509.x},
archivePrefix = {arXiv},
       eprint = {astro-ph/9908214},
 primaryClass = {astro-ph},
       adsurl = {https://ui.adsabs.harvard.edu/abs/2000MNRAS.317..249M},
      adsnote = {Provided by the SAO/NASA Astrophysics Data System}
}

@ARTICLE{Falkendal2019,
       author = {{Falkendal}, Theresa and {De Breuck}, Carlos and {Lehnert}, Matthew D. and
         {Drouart}, Guillaume and {Vernet}, Jo{\"e}l and {Emonts}, Bjorn and
         {Lee}, Minju and {Nesvadba}, Nicole P.~H. and {Seymour}, Nick and
         {B{\'e}thermin}, Matthieu},
        title = "{Massive galaxies on the road to quenching: ALMA observations of powerful high redshift radio galaxies}",
      journal = {\aap},
     keywords = {galaxies: active, galaxies: high-redshift, galaxies: jets, galaxies: ISM, galaxies: evolution, galaxies: star formation, Astrophysics - Astrophysics of Galaxies},
         year = "2019",
        month = "Jan",
       volume = {621},
          eid = {A27},
        pages = {A27},
          doi = {10.1051/0004-6361/201732485},
archivePrefix = {arXiv},
       eprint = {1809.09427},
 primaryClass = {astro-ph.GA},
       adsurl = {https://ui.adsabs.harvard.edu/abs/2019A&A...621A..27F},
      adsnote = {Provided by the SAO/NASA Astrophysics Data System}
}

@ARTICLE{Drouart2014,
       author = {{Drouart}, G. and {De Breuck}, C. and {Vernet}, J. and {Seymour}, N. and
         {Lehnert}, M. and {Barthel}, P. and {Bauer}, F.~E. and {Ibar}, E. and
         {Galametz}, A. and {Haas}, M.},
        title = "{Rapidly growing black holes and host galaxies in the distant Universe from the Herschel Radio Galaxy Evolution Project}",
      journal = {\aap},
     keywords = {galaxies: active, quasars: general, galaxies: high-redshift, galaxies: evolution, quasars: supermassive black holes, infrared: galaxies, Astrophysics - Astrophysics of Galaxies, Astrophysics - Cosmology and Nongalactic Astrophysics},
         year = "2014",
        month = "Jun",
       volume = {566},
          eid = {A53},
        pages = {A53},
          doi = {10.1051/0004-6361/201323310},
archivePrefix = {arXiv},
       eprint = {1404.1080},
 primaryClass = {astro-ph.GA},
       adsurl = {https://ui.adsabs.harvard.edu/abs/2014A&A...566A..53D},
      adsnote = {Provided by the SAO/NASA Astrophysics Data System}
}

@ARTICLE{Shklovskii1953,
       author = {{Shklovskii}, I.~S.},
      journal = {Akademiia Nauk SSSR Doklady},
         year = "1953",
        month = "Jan",
       volume = {90},
        pages = {983},
       adsurl = {https://ui.adsabs.harvard.edu/abs/1953DoSSR..90..983S},
      adsnote = {Provided by the SAO/NASA Astrophysics Data System}
}

@ARTICLE{Moffet1966,
       author = {{Moffet}, Alan T.},
        title = "{The Structure of Radio Galaxies}",
      journal = {\araa},
         year = "1966",
        month = "Jan",
       volume = {4},
        pages = {145},
          doi = {10.1146/annurev.aa.04.090166.001045},
       adsurl = {https://ui.adsabs.harvard.edu/abs/1966ARA&A...4..145M},
      adsnote = {Provided by the SAO/NASA Astrophysics Data System}
}

@ARTICLE{Saikia1988,
       author = {{Saikia}, D.~J. and {Salter}, C.~J.},
        title = "{Polarization properties of extragalactic radio sources.}",
      journal = {\araa},
     keywords = {Extragalactic Radio Sources, Interstellar Magnetic Fields, Polarization Characteristics, Quasars, Bibliographies, Circular Polarization, Computational Astrophysics, Depolarization, Faraday Effect, Linear Polarization, Magnetic Properties, Optical Polarization, Radio Galaxies, Relic Radiation, Synchrotron Radiation, Variability, Astrophysics, Polarization:Quasars, Polarization:Radio Galaxies, Quasars:Polarization, Radiation Mechanisms:Radio Sources, Radio Galaxies:Polarization, Radio Sources:Radiation Mechanisms},
         year = "1988",
        month = "Jan",
       volume = {26},
        pages = {93-144},
          doi = {10.1146/annurev.aa.26.090188.000521},
       adsurl = {https://ui.adsabs.harvard.edu/abs/1988ARA&A..26...93S},
      adsnote = {Provided by the SAO/NASA Astrophysics Data System}
}

@ARTICLE{Miley1980,
       author = {{Miley}, G.},
        title = "{The structure of extended extragalactic radio sources}",
      journal = {\araa},
     keywords = {Astronomical Maps, Extragalactic Radio Sources, Galactic Structure, Radio Galaxies, Bibliographies, Galactic Nuclei, Morphology, Astrophysics},
         year = "1980",
        month = "Jan",
       volume = {18},
        pages = {165-218},
          doi = {10.1146/annurev.aa.18.090180.001121},
       adsurl = {https://ui.adsabs.harvard.edu/abs/1980ARA&A..18..165M},
      adsnote = {Provided by the SAO/NASA Astrophysics Data System}
}

@ARTICLE{Bridle1984,
       author = {{Bridle}, Alan H. and {Perley}, Richard A.},
        title = "{Extragalactic Radio Jets}",
      journal = {\araa},
         year = "1984",
        month = "Jan",
       volume = {22},
        pages = {319-358},
          doi = {10.1146/annurev.aa.22.090184.001535},
       adsurl = {https://ui.adsabs.harvard.edu/abs/1984ARA&A..22..319B},
      adsnote = {Provided by the SAO/NASA Astrophysics Data System}
}

@ARTICLE{Scarrott1990,
       author = {{Scarrott}, S.~M. and {Rolph}, C.~D. and {Tadhunter}, C.~N.},
        title = "{Imaging polarimetry of the high-z radio galaxy 3C 368.}",
      journal = {\mnras},
     keywords = {Polarimetry, Radio Galaxies, Reflection Nebulae, Active Galactic Nuclei, Linear Polarization, Polarized Light, Star Formation, Astrophysics},
         year = "1990",
        month = "Mar",
       volume = {243},
        pages = {5P-9},
       adsurl = {https://ui.adsabs.harvard.edu/abs/1990MNRAS.243P...5S},
      adsnote = {Provided by the SAO/NASA Astrophysics Data System}
}

@ARTICLE{Tadhunter1992,
       author = {{Tadhunter}, C.~N. and {Scarrott}, S.~M. and {Draper}, P. and
         {Rolph}, C.},
        title = "{The optical polarizations of high- and intermediate-redshift radio galaxies}",
      journal = {\mnras},
     keywords = {Active Galaxies, Optical Polarization, Radio Galaxies, Red Shift, Interstellar Matter, Light Beams, Light Scattering, Ultraviolet Radiation, polarization, galaxies: active, radio continuum: galaxies., Astrophysics},
         year = "1992",
        month = "Jun",
       volume = {256},
       number = {4},
        pages = {53P-58P},
          doi = {10.1093/mnras/256.1.53P},
       adsurl = {https://ui.adsabs.harvard.edu/abs/1992MNRAS.256P..53T},
      adsnote = {Provided by the SAO/NASA Astrophysics Data System}
}

@INPROCEEDINGS{Taylor2002,
       author = {{Taylor}, G.~B. and {Zavala}, R.~T. and {Pollack}, L.~K. and
         {Hough}, D.~H. and {Venturi}, T.},
        title = "{VLBA Polarimetry of Radio Galaxies}",
    booktitle = {American Astronomical Society Meeting Abstracts},
         year = "2002",
       volume = {201},
        month = "Dec",
          eid = {86.02},
        pages = {86.02},
       adsurl = {https://ui.adsabs.harvard.edu/abs/2002AAS...201.8602T},
      adsnote = {Provided by the SAO/NASA Astrophysics Data System}
}

@ARTICLE{Jannuzi1995,
       author = {{Jannuzi}, Buell T. and {Elston}, Richard and {Schmidt}, Gary D. and
         {Smith}, Paul S. and {Stockman}, H.~S.},
        title = "{Detection of Extended Polarized Ultraviolet Radiation from the Z = 1.82 Radio Galaxy 3C 256}",
      journal = {\apj},
     keywords = {GALAXIES: ACTIVE, GALAXIES: EVOLUTION, GALAXIES: STELLAR CONTENT, RADIO CONTINUUM: GALAXIES, POLARIZATION, Astrophysics},
         year = "1995",
        month = "Dec",
       volume = {454},
        pages = {L111},
          doi = {10.1086/309781},
archivePrefix = {arXiv},
       eprint = {astro-ph/9509099},
 primaryClass = {astro-ph},
       adsurl = {https://ui.adsabs.harvard.edu/abs/1995ApJ...454L.111J},
      adsnote = {Provided by the SAO/NASA Astrophysics Data System}
}

@ARTICLE{Jannuzi1991,
       author = {{Jannuzi}, Buell T. and {Elston}, Richard},
        title = "{Detection of Polarized Ultraviolet Emission from the High-Redshift Radio Galaxy 3C 265}",
      journal = {\apj},
     keywords = {Emission Spectra, Polarized Radiation, Radio Galaxies, Red Shift, Ultraviolet Radiation, Astronomical Maps, Cassegrain Antennas, Charge Coupled Devices, Extragalactic Radio Sources, Astrophysics, GALAXIES: INDIVIDUAL ALPHANUMERIC: 3C 265, POLARIZATION, RADIO SOURCES: GALAXIES},
         year = "1991",
        month = "Jan",
       volume = {366},
        pages = {L69},
          doi = {10.1086/185911},
       adsurl = {https://ui.adsabs.harvard.edu/abs/1991ApJ...366L..69J},
      adsnote = {Provided by the SAO/NASA Astrophysics Data System}
}

@ARTICLE{diSeregoAlighieri1993,
       author = {{di Serego Alighieri}, S. and {Cimatti}, A. and {Fosbury}, R.~A.~E.},
        title = "{Imaging Polarimetry of High-Redshift Radio Galaxies}",
      journal = {\apj},
     keywords = {Astronomical Polarimetry, Imaging Techniques, Radio Galaxies, Linear Polarization, Radio Emission, Red Shift, Ultraviolet Emission, Astrophysics, GALAXIES: ISM, POLARIZATION, RADIO CONTINUUM: GALAXIES},
         year = "1993",
        month = "Feb",
       volume = {404},
        pages = {584},
          doi = {10.1086/172311},
       adsurl = {https://ui.adsabs.harvard.edu/abs/1993ApJ...404..584D},
      adsnote = {Provided by the SAO/NASA Astrophysics Data System}
}

@ARTICLE{JennisonDasGupta1953,
       author = {{Jennison}, R.~C. and {Das Gupta}, M.~K.},
        title = "{Fine Structure of the Extra-terrestrial Radio Source Cygnus I}",
      journal = {\nat},
         year = "1953",
        month = "Nov",
       volume = {172},
       number = {4387},
        pages = {996-997},
          doi = {10.1038/172996a0},
       adsurl = {https://ui.adsabs.harvard.edu/abs/1953Natur.172..996J},
      adsnote = {Provided by the SAO/NASA Astrophysics Data System}
}


@ARTICLE{Kaczmarek2018,
       author = {{Kaczmarek}, J.~F. and {Purcell}, C.~R. and {Gaensler}, B.~M. and
         {Sun}, X. and {O'Sullivan}, S.~P. and {McClure-Griffiths}, N.~M.},
        title = "{Revealing the Faraday depth structure of radio galaxy NGC 612 with broad-band radio polarimetric observations}",
      journal = {\mnras},
     keywords = {techniques: polarimetric, galaxies: individual: NGC 612, galaxies: magnetic fields, radio continuum: galaxies, Astrophysics - Astrophysics of Galaxies},
         year = "2018",
        month = "May",
       volume = {476},
       number = {2},
        pages = {1596-1613},
          doi = {10.1093/mnras/sty269},
archivePrefix = {arXiv},
       eprint = {1801.08237},
 primaryClass = {astro-ph.GA},
       adsurl = {https://ui.adsabs.harvard.edu/abs/2018MNRAS.476.1596K},
      adsnote = {Provided by the SAO/NASA Astrophysics Data System}
}

@ARTICLE{Feretti1999,
       author = {{Feretti}, L. and {Perley}, R. and {Giovannini}, G. and {Andernach}, H.},
        title = "{VLA observations of the giant radio galaxy 3C 449}",
      journal = {\aap},
     keywords = {GALAXIES: INDIVIDUAL: 3C 449, GALAXIES: JETS, GALAXIES: MAGNETIC FIELDS, RADIO CONTINUUM: GALAXIES, Astrophysics},
         year = "1999",
        month = "Jan",
       volume = {341},
        pages = {29-43},
archivePrefix = {arXiv},
       eprint = {astro-ph/9810305},
 primaryClass = {astro-ph},
       adsurl = {https://ui.adsabs.harvard.edu/abs/1999A&A...341...29F},
      adsnote = {Provided by the SAO/NASA Astrophysics Data System}
}

@ARTICLE{Jones1996,
       author = {{Jones}, P.~A.},
        title = "{The jets in radio galaxy B1308-441}",
      journal = {\pasa},
     keywords = {GALAXIES, RADIO CONTINUUM},
         year = "1996",
        month = "Nov",
       volume = {13},
       number = {3},
        pages = {218-226},
          doi = {10.1017/S1323358000020889},
       adsurl = {https://ui.adsabs.harvard.edu/abs/1996PASA...13..218J},
      adsnote = {Provided by the SAO/NASA Astrophysics Data System}
}

@ARTICLE{diSeregoAlighieri1996,
       author = {{di Serego Alighieri}, S. and {Cimatti}, A. and {Fosbury}, R.~A.~E. and
         {Perez-Fournon}, I.},
        title = "{Spectropolarimetry of 3C 265, a misaligned radio galaxy}",
      journal = {\mnras},
     keywords = {SCATTERING, TECHNIQUES: POLARIMETRIC, GALAXIES: ACTIVE, GALAXIES: INDIVIDUAL: 3C 265, RADIO CONTINUUM: GALAXIES},
         year = "1996",
        month = "Apr",
       volume = {279},
       number = {3},
        pages = {L57-L60},
          doi = {10.1093/mnras/279.3.L57},
       adsurl = {https://ui.adsabs.harvard.edu/abs/1996MNRAS.279L..57D},
      adsnote = {Provided by the SAO/NASA Astrophysics Data System}
}

@ARTICLE{Tran1995,
       author = {{Tran}, Hien D. and {Cohen}, Marshall H. and {Goodrich}, Robert W.},
        title = "{Keck Spectropolarimetry of the Radio Galaxy 3C 234}",
      journal = {\aj},
     keywords = {GALAXIES: INDIVIDUAL: 3C 234, GALAXIES: SEYFERT, TECHNIQUES: POLARIMETRIC},
         year = "1995",
        month = "Dec",
       volume = {110},
        pages = {2597},
          doi = {10.1086/117716},
       adsurl = {https://ui.adsabs.harvard.edu/abs/1995AJ....110.2597T},
      adsnote = {Provided by the SAO/NASA Astrophysics Data System}
}

@ARTICLE{Venemans2007,
       author = {{Venemans}, B.~P. and {R{\"o}ttgering}, H.~J.~A. and {Miley}, G.~K. and
         {van Breugel}, W.~J.~M. and {de Breuck}, C. and {Kurk}, J.~D. and
         {Pentericci}, L. and {Stanford}, S.~A. and {Overzier}, R.~A. and
         {Croft}, S.},
        title = "{Protoclusters associated with z \&gt; 2 radio galaxies . I. Characteristics of high redshift protoclusters}",
      journal = {\aap},
     keywords = {galaxies: active, galaxies: clusters: general, cosmology: observations, cosmology: early Universe, cosmology: large scale structure of Universe, Astrophysics},
         year = "2007",
        month = "Jan",
       volume = {461},
       number = {3},
        pages = {823-845},
          doi = {10.1051/0004-6361:20053941},
archivePrefix = {arXiv},
       eprint = {astro-ph/0610567},
 primaryClass = {astro-ph},
       adsurl = {https://ui.adsabs.harvard.edu/abs/2007A&A...461..823V},
      adsnote = {Provided by the SAO/NASA Astrophysics Data System}
}

@ARTICLE{Laing1983,
       author = {{Laing}, R.~A. and {Riley}, J.~M. and {Longair}, M.~S.},
        title = "{Bright radio sources at 178 MHz : flux densities, optical identifications and the cosmological evolution of powerful radio galaxies.}",
      journal = {\mnras},
     keywords = {Cosmology, Galactic Evolution, Radio Galaxies, Astronomical Catalogs, Luminosity, Magnitude, Quasars, Radiant Flux Density, Red Shift, Visible Spectrum, Astrophysics},
         year = "1983",
        month = "Jul",
       volume = {204},
        pages = {151-187},
          doi = {10.1093/mnras/204.1.151},
       adsurl = {https://ui.adsabs.harvard.edu/abs/1983MNRAS.204..151L},
      adsnote = {Provided by the SAO/NASA Astrophysics Data System}
}

@ARTICLE{Best1997,
       author = {{Best}, P.~N. and {Longair}, M.~S. and {Roettgering}, H.~J.~A.},
        title = "{HST, radio and infrared observations of 28 3CR radio galaxies at redshift z\raisebox{-0.5ex}\textasciitilde - I. The observations}",
      journal = {\mnras},
     keywords = {Hubble Space Telescope, Radio Astronomy, Infrared Astronomy, Radio Galaxies, Red Shift, Active Galaxies, Astronomical Photometry, Imagery, Optical Emission Spectroscopy, Infrared Imagery, Astronomy, GALAXIES: ACTIVE, GALAXIES: EVOLUTION, GALAXIES: PHOTOMETRY, RADIO CONTINUUM: GALAXIES, INFRARED: GALAXIES, Astrophysics},
         year = "1997",
        month = "Dec",
       volume = {292},
       number = {4},
        pages = {758-794},
          doi = {10.1093/mnras/292.4.758},
archivePrefix = {arXiv},
       eprint = {astro-ph/9707337},
 primaryClass = {astro-ph},
       adsurl = {https://ui.adsabs.harvard.edu/abs/1997MNRAS.292..758B},
      adsnote = {Provided by the SAO/NASA Astrophysics Data System}
}

@ARTICLE{Pentericci2001,
       author = {{Pentericci}, L. and {McCarthy}, P.~J. and {R{\"o}ttgering}, H.~J.~A. and
         {Miley}, G.~K. and {van Breugel}, W.~J.~M. and {Fosbury}, R.},
        title = "{NICMOS Observations of High-Redshift Radio Galaxies: Witnessing the Formation of Bright Elliptical Galaxies?}",
      journal = {\apjs},
     keywords = {Galaxies: Active, Galaxies: Evolution, Galaxies: Formation, Infrared: Galaxies, Astrophysics},
         year = "2001",
        month = "Jul",
       volume = {135},
       number = {1},
        pages = {63-85},
          doi = {10.1086/321781},
archivePrefix = {arXiv},
       eprint = {astro-ph/0102323},
 primaryClass = {astro-ph},
       adsurl = {https://ui.adsabs.harvard.edu/abs/2001ApJS..135...63P},
      adsnote = {Provided by the SAO/NASA Astrophysics Data System}
}

@ARTICLE{FanaroffRiley1974,
       author = {{Fanaroff}, B.~L. and {Riley}, J.~M.},
        title = "{The morphology of extragalactic radio sources of high and low luminosity}",
      journal = {\mnras},
         year = "1974",
        month = "May",
       volume = {167},
        pages = {31P-36P},
          doi = {10.1093/mnras/167.1.31P},
       adsurl = {https://ui.adsabs.harvard.edu/abs/1974MNRAS.167P..31F},
      adsnote = {Provided by the SAO/NASA Astrophysics Data System}
}

@ARTICLE{Miley1968,
       author = {{Miley}, George K.},
        title = "{Variation of the Angular Sizes of Quasars with Red-shift}",
      journal = {\nat},
         year = "1968",
        month = "Jun",
       volume = {218},
       number = {5145},
        pages = {933-934},
          doi = {10.1038/218933a0},
       adsurl = {https://ui.adsabs.harvard.edu/abs/1968Natur.218..933M},
      adsnote = {Provided by the SAO/NASA Astrophysics Data System}
}

@ARTICLE{BlumenthalMiley1979,
       author = {{Blumenthal}, G. and {Miley}, G.},
        title = "{Spectral index dependent properties of steep spectrum radio sources.}",
      journal = {\aap},
     keywords = {Extragalactic Radio Sources, Quasars, Radio Astronomy, Red Shift, Spectral Energy Distribution, Luminosity, Radio Galaxies, Spectrum Analysis, Astrophysics},
         year = "1979",
        month = "Nov",
       volume = {80},
        pages = {13-21},
       adsurl = {https://ui.adsabs.harvard.edu/abs/1979A&A....80...13B},
      adsnote = {Provided by the SAO/NASA Astrophysics Data System}
}

@ARTICLE{Stanford1998,
       author = {{Stanford}, S.~A. and {Eisenhardt}, Peter R. and {Dickinson}, Mark},
        title = "{The Evolution of Early-Type Galaxies in Distant Clusters}",
      journal = {\apj},
     keywords = {GALAXIES: CLUSTERS: GENERAL, GALAXIES: ELLIPTICAL AND LENTICULAR, CD, GALAXIES: EVOLUTION, GALAXIES: PHOTOMETRY, Galaxies: Clusters: General, Galaxies: Elliptical and Lenticular, cD, Galaxies: Evolution, Galaxies: Photometry, Astrophysics},
         year = "1998",
        month = "Jan",
       volume = {492},
       number = {2},
        pages = {461-479},
          doi = {10.1086/305050},
archivePrefix = {arXiv},
       eprint = {astro-ph/9708037},
 primaryClass = {astro-ph},
       adsurl = {https://ui.adsabs.harvard.edu/abs/1998ApJ...492..461S},
      adsnote = {Provided by the SAO/NASA Astrophysics Data System}
}

@ARTICLE{HillLilly1991,
       author = {{Hill}, Gary J. and {Lilly}, Simon J.},
        title = "{A Change in the Cluster Environments of Radio Galaxies with Cosmic Epoch}",
      journal = {\apj},
     keywords = {Extragalactic Radio Sources, Galactic Clusters, Quasars, Radio Galaxies, Red Shift, Active Galactic Nuclei, Galactic Evolution, Astrophysics, COSMOLOGY, GALAXIES: CLUSTERING, QUASARS, RADIO SOURCES: GALAXIES},
         year = "1991",
        month = "Jan",
       volume = {367},
        pages = {1},
          doi = {10.1086/169597},
       adsurl = {https://ui.adsabs.harvard.edu/abs/1991ApJ...367....1H},
      adsnote = {Provided by the SAO/NASA Astrophysics Data System}
}

@ARTICLE{Best2000b,
       author = {{Best}, P.~N.},
        title = "{The cluster environments of the z\raisebox{-0.5ex}\textasciitilde1 3CR radio galaxies}",
      journal = {\mnras},
     keywords = {GALAXIES: ACTIVE, GALAXIES: CLUSTERS: GENERAL, GALAXIES: LUMINOSITY FUNCTION, MASS FUNCTION, RADIO CONTINUUM: GALAXIES, Astrophysics},
         year = "2000",
        month = "Sep",
       volume = {317},
       number = {3},
        pages = {720-736},
          doi = {10.1046/j.1365-8711.2000.03712.x},
archivePrefix = {arXiv},
       eprint = {astro-ph/0007285},
 primaryClass = {astro-ph},
       adsurl = {https://ui.adsabs.harvard.edu/abs/2000MNRAS.317..720B},
      adsnote = {Provided by the SAO/NASA Astrophysics Data System}
}

@ARTICLE{Yates1989,
       author = {{Yates}, M.~G. and {Miller}, L. and {Peacock}, J.~A.},
        title = "{The cluster environments of powerful, high-redshift radio galaxies.}",
      journal = {\mnras},
     keywords = {Astronomical Spectroscopy, Galactic Clusters, Radio Galaxies, Red Shift, Astronomical Photography, Astronomical Photometry, Cross Correlation, Galactic Structure, Luminosity, Astrophysics},
         year = "1989",
        month = "Sep",
       volume = {240},
        pages = {129-166},
          doi = {10.1093/mnras/240.1.129},
       adsurl = {https://ui.adsabs.harvard.edu/abs/1989MNRAS.240..129Y},
      adsnote = {Provided by the SAO/NASA Astrophysics Data System}
}

@ARTICLE{CarilliBarthel1996,
       author = {{Carilli}, C.~L. and {Barthel}, P.~D.},
        title = "{Cygnus A}",
      journal = {\aapr},
     keywords = {Key words: Galaxies: active, Galaxies: individual: Cygnus A, Radio continuum: galaxies},
         year = "1996",
        month = "Jan",
       volume = {7},
       number = {1},
        pages = {1-54},
          doi = {10.1007/s001590050001},
       adsurl = {https://ui.adsabs.harvard.edu/abs/1996A&ARv...7....1C},
      adsnote = {Provided by the SAO/NASA Astrophysics Data System}
}

@ARTICLE{Humphrey2006,
       author = {{Humphrey}, A. and {Villar-Mart{\'\i}n}, M. and {Fosbury}, R. and
         {Vernet}, J. and {di Serego Alighieri}, S.},
        title = "{Jet-gas interactions in z \raisebox{-0.5ex}\textasciitilde 2.5 radio galaxies: evolution of the ultraviolet line and continuum emission with radio morphology}",
      journal = {\mnras},
     keywords = {polarization: galaxies: active: galaxies: high-redshift: galaxies: jets: ultraviolet: ISM, polarization, galaxies: active, galaxies: high-redshift, galaxies: jets, ultraviolet: ISM, Astrophysics},
         year = "2006",
        month = "Jul",
       volume = {369},
       number = {3},
        pages = {1103-1114},
          doi = {10.1111/j.1365-2966.2006.10224.x},
archivePrefix = {arXiv},
       eprint = {astro-ph/0602504},
 primaryClass = {astro-ph},
       adsurl = {https://ui.adsabs.harvard.edu/abs/2006MNRAS.369.1103H},
      adsnote = {Provided by the SAO/NASA Astrophysics Data System}
}

@ARTICLE{Galametz2010,
       author = {{Galametz}, A. and {Vernet}, J. and {De Breuck}, C. and {Hatch}, N.~A. and
         {Miley}, G.~K. and {Kodama}, T. and {Kurk}, J. and {Overzier}, R.~A. and
         {Rettura}, A. and {R{\"o}ttgering}, H.~J.~A.},
        title = "{Galaxy protocluster candidates at 1.6 \&lt; z âª‰ 2}",
      journal = {\aap},
     keywords = {large scale structure of Universe, galaxies: clusters: general, Galaxies: evolution, galaxies: high redshift, galaxies: individual: MRC 1017-220, galaxies: individual: MRC 0156-252, Astrophysics - Cosmology and Nongalactic Astrophysics},
         year = "2010",
        month = "Nov",
       volume = {522},
          eid = {A58},
        pages = {A58},
          doi = {10.1051/0004-6361/201015035},
archivePrefix = {arXiv},
       eprint = {1008.1094},
 primaryClass = {astro-ph.CO},
       adsurl = {https://ui.adsabs.harvard.edu/abs/2010A&A...522A..58G},
      adsnote = {Provided by the SAO/NASA Astrophysics Data System}
}

@ARTICLE{Chambers1988a,
       author = {{Chambers}, K.~C. and {Miley}, G.~K. and {van Breugel}, W.~J.~M.},
        title = "{4C 40.36: A Radio Galaxy at a Redshift of 2.3}",
      journal = {\apjl},
     keywords = {Cosmology, Emission Spectra, Line Spectra, Radio Galaxies, Radio Sources (Astronomy), Red Shift, Radio Emission, Stellar Luminosity, Very Large Array (Vla), Astrophysics, COSMOLOGY, GALAXIES: REDSHIFTS, RADIO SOURCES: GALAXIES},
         year = "1988",
        month = "Apr",
       volume = {327},
        pages = {L47},
          doi = {10.1086/185137},
       adsurl = {https://ui.adsabs.harvard.edu/abs/1988ApJ...327L..47C},
      adsnote = {Provided by the SAO/NASA Astrophysics Data System}
}

@ARTICLE{Eales1985a,
       author = {{Eales}, S.~A.},
        title = "{A sample of 6C radio sources selected at the peak of the source counts-I.A search for extended sources and multifrequency radio observations.}",
      journal = {\mnras},
     keywords = {Cosmology, Extragalactic Radio Sources, Galactic Evolution, Radio Astronomy, Hubble Diagram, Luminosity, Magnitude, Quasars, Radiant Flux Density, Radio Galaxies, Radio Spectra, Red Shift, Size Distribution, Spectral Correlation, Astrophysics},
         year = "1985",
        month = "Nov",
       volume = {217},
        pages = {149-166},
          doi = {10.1093/mnras/217.1.149},
       adsurl = {https://ui.adsabs.harvard.edu/abs/1985MNRAS.217..149E},
      adsnote = {Provided by the SAO/NASA Astrophysics Data System}
}

@ARTICLE{Eales1985b,
       author = {{Eales}, S.~A.},
        title = "{A sample of 6C sources selected at the peak of the source counts -II.Optical identifications.}",
      journal = {\mnras},
         year = "1985",
        month = "Nov",
       volume = {217},
        pages = {167-177},
          doi = {10.1093/mnras/217.1.167},
       adsurl = {https://ui.adsabs.harvard.edu/abs/1985MNRAS.217..167E},
      adsnote = {Provided by the SAO/NASA Astrophysics Data System}
}

@ARTICLE{PilkingtonScott1965,
       author = {{Pilkington}, J.~D.~H. and {Scott}, J.~F.},
        title = "{A survey of radio sources between declinations 20{\textdegree} and 40{\textdegree}}",
      journal = {\memras},
         year = "1965",
        month = "Jan",
       volume = {69},
        pages = {183},
       adsurl = {https://ui.adsabs.harvard.edu/abs/1965MmRAS..69..183P},
      adsnote = {Provided by the SAO/NASA Astrophysics Data System}
}

@ARTICLE{Colla1973,
       author = {{Colla}, G. and {Fanti}, C. and {Fanti}, R. and {Ficarra}, A. and
         {Formiggini}, L. and {Gandolfi}, E. and {Gioia}, I. and {Lari}, C. and
         {Marano}, B. and {Padrielli}, L.},
        title = "{The B2 catalogue of radio sources - third part}",
      journal = {\aaps},
         year = "1973",
        month = "Sep",
       volume = {11},
        pages = {291},
       adsurl = {https://ui.adsabs.harvard.edu/abs/1973A&AS...11..291C},
      adsnote = {Provided by the SAO/NASA Astrophysics Data System}
}

@ARTICLE{Large1981,
       author = {{Large}, M.~I. and {Mills}, B.~Y. and {Little}, A.~G. and
         {Crawford}, D.~F. and {Sutton}, J.~M.},
        title = "{The Molonglo Reference Catalogue of radio sources.}",
      journal = {\mnras},
         year = "1981",
        month = "Feb",
       volume = {194},
        pages = {693-704},
          doi = {10.1093/mnras/194.3.693},
       adsurl = {https://ui.adsabs.harvard.edu/abs/1981MNRAS.194..693L},
      adsnote = {Provided by the SAO/NASA Astrophysics Data System}
}

@ARTICLE{Galametz2012,
       author = {{Galametz}, Audrey and {Stern}, Daniel and {De Breuck}, Carlos and
         {Hatch}, Nina and {Mayo}, Jack and {Miley}, George and {Rettura}, Alessand
        ro and {Seymour}, Nick and {Stanford}, S. Adam and {Vernet}, Jo{\"e}l},
        title = "{The Mid-infrared Environments of High-redshift Radio Galaxies}",
      journal = {\apj},
     keywords = {galaxies: active, galaxies: clusters: general, galaxies: high-redshift, infrared: galaxies, Astrophysics - Cosmology and Nongalactic Astrophysics},
         year = "2012",
        month = "Apr",
       volume = {749},
       number = {2},
          eid = {169},
        pages = {169},
          doi = {10.1088/0004-637X/749/2/169},
archivePrefix = {arXiv},
       eprint = {1202.4489},
 primaryClass = {astro-ph.CO},
       adsurl = {https://ui.adsabs.harvard.edu/abs/2012ApJ...749..169G},
      adsnote = {Provided by the SAO/NASA Astrophysics Data System}
}

@ARTICLE{Croft2005,
       author = {{Croft}, Steve and {Kurk}, Jaron and {van Breugel}, Wil and
         {Stanford}, S.~A. and {de Vries}, Wim and {Pentericci}, Laura and
         {R{\"o}ttgering}, Huub},
        title = "{The Filamentary Large-Scale Structure around the z=2.16 Radio Galaxy PKS 1138-262}",
      journal = {\aj},
     keywords = {Galaxies: Active, Galaxies: High-Redshift, Galaxies: Individual: Alphanumeric: PKS 1138-262, Astrophysics},
         year = "2005",
        month = "Sep",
       volume = {130},
       number = {3},
        pages = {867-872},
          doi = {10.1086/431956},
archivePrefix = {arXiv},
       eprint = {astro-ph/0505354},
 primaryClass = {astro-ph},
       adsurl = {https://ui.adsabs.harvard.edu/abs/2005AJ....130..867C},
      adsnote = {Provided by the SAO/NASA Astrophysics Data System}
}

@ARTICLE{Villar-Martin2003,
       author = {{Villar-Mart{\'\i}n}, M. and {Vernet}, J. and {di Serego Alighieri}, S. and
         {Fosbury}, R. and {Humphrey}, A. and {Pentericci}, L.},
        title = "{Kinematically quiet haloes around z\raisebox{-0.5ex}\textasciitilde 2.5 radio galaxies. Keck spectroscopy}",
      journal = {\mnras},
     keywords = {galaxies: active, galaxies: formation, galaxies: high-redshift, early Universe, Astrophysics},
         year = "2003",
        month = "Nov",
       volume = {346},
       number = {1},
        pages = {273-294},
          doi = {10.1046/j.1365-2966.2003.07090.x},
archivePrefix = {arXiv},
       eprint = {astro-ph/0309012},
 primaryClass = {astro-ph},
       adsurl = {https://ui.adsabs.harvard.edu/abs/2003MNRAS.346..273V},
      adsnote = {Provided by the SAO/NASA Astrophysics Data System}
}

@ARTICLE{Overzier2005,
       author = {{Overzier}, R.~A. and {Harris}, D.~E. and {Carilli}, C.~L. and
         {Pentericci}, L. and {R{\"o}ttgering}, H.~J.~A. and {Miley}, G.~K.},
        title = "{On the X-ray emission of z Ìƒ2 radio galaxies: IC scattering of the CMB and no evidence for fully-formed potential wells}",
      journal = {\aap},
     keywords = {galaxies: high-redshift, galaxies: active, X-rays: galaxies: clusters, X-rays: general, Astrophysics},
         year = "2005",
        month = "Apr",
       volume = {433},
       number = {1},
        pages = {87-100},
          doi = {10.1051/0004-6361:20041657},
archivePrefix = {arXiv},
       eprint = {astro-ph/0412026},
 primaryClass = {astro-ph},
       adsurl = {https://ui.adsabs.harvard.edu/abs/2005A&A...433...87O},
      adsnote = {Provided by the SAO/NASA Astrophysics Data System}
}

@ARTICLE{Kodama2007,
       author = {{Kodama}, Tadayuki and {Tanaka}, Ichi and {Kajisawa}, Masaru and
         {Kurk}, Jaron and {Venemans}, Bram and {De Breuck}, Carlos and
         {Vernet}, Jo{\"e}l and {Lidman}, Chris},
        title = "{The first appearance of the red sequence of galaxies in proto-clusters at 2 \&lt;\raisebox{-0.5ex}\textasciitilde z \&lt;\raisebox{-0.5ex}\textasciitilde 3}",
      journal = {\mnras},
     keywords = {galaxies: clusters: general, galaxies: evolution, galaxies: formation, galaxies: high-redshift, Astrophysics},
         year = "2007",
        month = "Jun",
       volume = {377},
       number = {4},
        pages = {1717-1725},
          doi = {10.1111/j.1365-2966.2007.11739.x},
archivePrefix = {arXiv},
       eprint = {astro-ph/0703382},
 primaryClass = {astro-ph},
       adsurl = {https://ui.adsabs.harvard.edu/abs/2007MNRAS.377.1717K},
      adsnote = {Provided by the SAO/NASA Astrophysics Data System}
}

@ARTICLE{Pentericci1998,
       author = {{Pentericci}, L. and {R{\"o}ttgering}, H.~J.~A. and {Miley}, G.~K. and
         {Spinrad}, H. and {McCarthy}, P.~J. and {van Breugel}, W.~J.~M. and
         {Macchetto}, F.},
        title = "{HST Images of the Extremely Clumpy Radio Galaxy 1138-262 at z = 2.2}",
      journal = {\apj},
     keywords = {GALAXIES: ACTIVE, GALAXY: FORMATION, GALAXIES: STRUCTURE, GALAXIES: INDIVIDUAL ALPHANUMERIC: 1138-262, Galaxies: Active, Galaxies: Individual: Alphanumeric: 1138-2620, Galaxies: Structure, Galaxy: Formation},
         year = "1998",
        month = "Sep",
       volume = {504},
       number = {1},
        pages = {139-146},
          doi = {10.1086/306087},
       adsurl = {https://ui.adsabs.harvard.edu/abs/1998ApJ...504..139P},
      adsnote = {Provided by the SAO/NASA Astrophysics Data System}
}


@ARTICLE{pentericci1999,
       author = {{Pentericci}, L. and {R{\"o}ttgering}, H.~J.~A. and {Miley}, G.~K. and
         {McCarthy}, P. and {Spinrad}, H. and {van Breugel}, W.~J.~M. and
         {Macchetto}, F.},
        title = "{HST images and properties of the most distant radio galaxies}",
      journal = {\aap},
     keywords = {GALAXIES: INDIVIDUAL: TX 1707+1051, GALAXIES: INDIVIDUAL: MRC 2104+242, GALAXIES: FORMATION, GALAXIES: CLUSTERS: GENERAL, GALAXIES: ACTIVE, COSMOLOGY: EARLY UNIVERSE, Astrophysics},
         year = "1999",
        month = "Jan",
       volume = {341},
        pages = {329-347},
archivePrefix = {arXiv},
       eprint = {astro-ph/9809056},
 primaryClass = {astro-ph},
       adsurl = {https://ui.adsabs.harvard.edu/abs/1999A&A...341..329P},
      adsnote = {Provided by the SAO/NASA Astrophysics Data System}
}

@ARTICLE{Miley2004,
       author = {{Miley}, George K. and {Overzier}, Roderik A. and
         {Tsvetanov}, Zlatan I. and {Bouwens}, Rychard J. and
         {Ben{\'\i}tez}, Narciso and {Blakeslee}, John P. and {Ford}, Holland
         C. and {Illingworth}, Garth D. and {Postman}, Marc and {Rosati}, Piero},
        title = "{A large population of `Lyman-break' galaxies in a protocluster at redshift z \raisebox{-0.5ex}\textasciitilde 4.1}",
      journal = {\nat},
     keywords = {Astrophysics},
         year = "2004",
        month = "Jan",
       volume = {427},
       number = {6969},
        pages = {47-50},
          doi = {10.1038/nature02125},
archivePrefix = {arXiv},
       eprint = {astro-ph/0401034},
 primaryClass = {astro-ph},
       adsurl = {https://ui.adsabs.harvard.edu/abs/2004Natur.427...47M},
      adsnote = {Provided by the SAO/NASA Astrophysics Data System}
}

@ARTICLE{Kurk2000,
       author = {{Kurk}, J.~D. and {R{\"o}ttgering}, H.~J.~A. and {Pentericci}, L. and
         {Miley}, G.~K. and {van Breugel}, W. and {Carilli}, C.~L. and
         {Ford}, H. and {Heckman}, T. and {McCarthy}, P. and {Moorwood}, A.},
        title = "{A Search for clusters at high redshift. I. Candidate Lyalpha emitters near 1138-262 at z=2.2}",
      journal = {\aap},
     keywords = {GALAXIES: ACTIVE, GALAXIES: CLUSTERS: GENERAL, GALAXIES: EVOLUTION, GALAXIES: LUMINOSITY FUNCTION, MASS FUNCTION, COSMOLOGY: OBSERVATIONS, COSMOLOGY: EARLY UNIVERSE, Astrophysics},
         year = "2000",
        month = "Jun",
       volume = {358},
        pages = {L1-L4},
archivePrefix = {arXiv},
       eprint = {astro-ph/0005058},
 primaryClass = {astro-ph},
       adsurl = {https://ui.adsabs.harvard.edu/abs/2000A&A...358L...1K},
      adsnote = {Provided by the SAO/NASA Astrophysics Data System}
}

@ARTICLE{Venemans2002,
       author = {{Venemans}, B.~P. and {Kurk}, J.~D. and {Miley}, G.~K. and
         {R{\"o}ttgering}, H.~J.~A. and {van Breugel}, W. and {Carilli}, C.~L. and
         {De Breuck}, C. and {Ford}, H. and {Heckman}, T. and {McCarthy}, P.},
        title = "{The Most Distant Structure of Galaxies Known: A Protocluster at z=4.1}",
      journal = {\apjl},
     keywords = {Cosmology: Observations, Cosmology: Early Universe, Galaxies: Active, Galaxies: Clusters: General, Galaxies: Evolution, Astrophysics},
         year = "2002",
        month = "Apr",
       volume = {569},
       number = {1},
        pages = {L11-L14},
          doi = {10.1086/340563},
archivePrefix = {arXiv},
       eprint = {astro-ph/0203249},
 primaryClass = {astro-ph},
       adsurl = {https://ui.adsabs.harvard.edu/abs/2002ApJ...569L..11V},
      adsnote = {Provided by the SAO/NASA Astrophysics Data System}
}

@ARTICLE{Venemans2004,
       author = {{Venemans}, B.~P. and {R{\"o}ttgering}, H.~J.~A. and {Overzier}, R.~A. and
         {Miley}, G.~K. and {De Breuck}, C. and {Kurk}, J.~D. and
         {van Breugel}, W. and {Carilli}, C.~L. and {Ford}, H. and {Heckman}, T.},
        title = "{Discovery of six Ly{\ensuremath{\alpha}} emitters near a radio galaxy at z Ìƒ 5.2}",
      journal = {\aap},
     keywords = {galaxies: active, galaxies: clusters: general, galaxies: evolution, cosmology: observations, cosmology: early Universe, Astrophysics},
         year = "2004",
        month = "Sep",
       volume = {424},
        pages = {L17-L20},
          doi = {10.1051/0004-6361:200400041},
archivePrefix = {arXiv},
       eprint = {astro-ph/0408520},
 primaryClass = {astro-ph},
       adsurl = {https://ui.adsabs.harvard.edu/abs/2004A&A...424L..17V},
      adsnote = {Provided by the SAO/NASA Astrophysics Data System}
}

@ARTICLE{McCarthy1987b,
       author = {{McCarthy}, Patrick J. and {van Breugel}, Wil and {Spinrad}, Hyron and
         {Djorgovski}, S.},
        title = "{A Correlation between the Radio and Optical Morphologies of Distant 3 CR Radio Galaxies}",
      journal = {\apjl},
     keywords = {Astronomical Models, Galactic Evolution, Morphology, Radio Galaxies, Radio Spectra, Visible Spectrum, Emission Spectra, Interstellar Gas, Radio Jets (Astronomy), Spectrum Analysis, Star Formation Rate, Astrophysics, COSMOLOGY, GALAXIES: FORMATION, GALAXIES: JETS, GALAXIES: STRUCTURE, RADIO SOURCES: GALAXIES, RADIO SOURCES: GENERAL},
         year = "1987",
        month = "Oct",
       volume = {321},
        pages = {L29},
          doi = {10.1086/185000},
       adsurl = {https://ui.adsabs.harvard.edu/abs/1987ApJ...321L..29M},
      adsnote = {Provided by the SAO/NASA Astrophysics Data System}
}

@ARTICLE{Chambers1988b,
       author = {{Chambers}, K.~C. and {Miley}, G.~K. and {Joyce}, R.~R.},
        title = "{2.2 Micron Image of 3C 368 at z=1.13, a Galaxy with Aligned Radio and Stellar Axes}",
      journal = {\apjl},
     keywords = {Cosmology, Galactic Evolution, Infrared Imagery, Interstellar Matter, Radio Galaxies, Red Shift, Morphology, Radio Emission, Radio Sources (Astronomy), Star Formation, Astrophysics, COSMOLOGY, GALAXIES: EVOLUTION, GALAXIES: REDSHIFTS, GALAXIES: STELLAR CONTENT, INFRARED: GENERAL, RADIO SOURCES: GALAXIES},
         year = "1988",
        month = "Jun",
       volume = {329},
        pages = {L75},
          doi = {10.1086/185180},
       adsurl = {https://ui.adsabs.harvard.edu/abs/1988ApJ...329L..75C},
      adsnote = {Provided by the SAO/NASA Astrophysics Data System}
}

@ARTICLE{Djorgovski1987,
       author = {{Djorgovski}, S. and {Spinrad}, H. and {Pedelty}, J. and {Rudnick}, L. and
         {Stockton}, A.},
        title = "{Mergers and Starbursts at Large Redshifts: The Case of 3C 368}",
      journal = {\aj},
     keywords = {Galactic Structure, Radio Galaxies, Red Shift, Star Formation, Astronomical Spectroscopy, Cosmology, Galactic Evolution, Line Spectra, Luminosity, Morphology, Astrophysics, RADIO SOURCES: GALAXIES, GALAXIES: SEYFERT},
         year = "1987",
        month = "Jun",
       volume = {93},
        pages = {1307},
          doi = {10.1086/114413},
       adsurl = {https://ui.adsabs.harvard.edu/abs/1987AJ.....93.1307D},
      adsnote = {Provided by the SAO/NASA Astrophysics Data System}
}

@ARTICLE{Gaibler2011,
       author = {{Gaibler}, V. and {Khochfar}, S. and {Krause}, M.},
        title = "{Asymmetries in extragalactic double radio sources: clues from 3D simulations of jet-disc interaction}",
      journal = {\mnras},
     keywords = {Astrophysics - High Energy Astrophysical Phenomena, Astrophysics - Cosmology and Extragalactic Astrophysics, Astrophysics - Galaxy Astrophysics},
         year = "2011",
        month = "Feb",
       volume = {411},
       number = {1},
        pages = {155-161},
          doi = {10.1111/j.1365-2966.2010.17674.x},
archivePrefix = {arXiv},
       eprint = {1008.2757},
 primaryClass = {astro-ph.HE},
       adsurl = {https://ui.adsabs.harvard.edu/abs/2011MNRAS.411..155G},
      adsnote = {Provided by the SAO/NASA Astrophysics Data System}
}

@ARTICLE{Krause2002,
       author = {{Krause}, M.},
        title = "{Absorbers and globular cluster formation in powerful high-redshift radio galaxies}",
      journal = {\aap},
     keywords = {Hydrodynamics, Instabilities, Shock Waves, Galaxies: Jets, Radiation Mechanisms: Thermal, Intergalactic Medium, Astrophysics},
         year = "2002",
        month = "May",
       volume = {386},
        pages = {L1-L4},
          doi = {10.1051/0004-6361:20020135},
archivePrefix = {arXiv},
       eprint = {astro-ph/0203372},
 primaryClass = {astro-ph},
       adsurl = {https://ui.adsabs.harvard.edu/abs/2002A&A...386L...1K},
      adsnote = {Provided by the SAO/NASA Astrophysics Data System}
}

@ARTICLE{Krause2005,
       author = {{Krause}, M.},
        title = "{Galactic wind shells and high redshift radio galaxies. On the nature of associated absorbers}",
      journal = {\aap},
     keywords = {hydrodynamics, instabilities, shock waves, galaxies: active, radio continuum: galaxies, Astrophysics},
         year = "2005",
        month = "Jun",
       volume = {436},
       number = {3},
        pages = {845-851},
          doi = {10.1051/0004-6361:20042450},
archivePrefix = {arXiv},
       eprint = {astro-ph/0503322},
 primaryClass = {astro-ph},
       adsurl = {https://ui.adsabs.harvard.edu/abs/2005A&A...436..845K},
      adsnote = {Provided by the SAO/NASA Astrophysics Data System}
}

@ARTICLE{GunnOke1975,
       author = {{Gunn}, J.~E. and {Oke}, J.~B.},
        title = "{Spectrophotometry of faint cluster galaxies and the Hubble diagram: an approach to cosmology.}",
      journal = {\apj},
     keywords = {Astronomical Photometry, Big Bang Cosmology, Galactic Clusters, Hubble Diagram, Red Shift, Spectrophotometry, Astronomical Catalogs, Astronomical Spectroscopy, Elliptical Galaxies, Galactic Evolution, Quasars, Tables (Data), Astrophysics},
         year = "1975",
        month = "Jan",
       volume = {195},
        pages = {255-268},
          doi = {10.1086/153325},
       adsurl = {https://ui.adsabs.harvard.edu/abs/1975ApJ...195..255G},
      adsnote = {Provided by the SAO/NASA Astrophysics Data System}
}

@ARTICLE{LillyLongair1982,
       author = {{Lilly}, S.~J. and {Longair}, M.~S.},
        title = "{Infrared studies of a sample of 3C radio galaxies.}",
      journal = {\mnras},
     keywords = {Astronomical Photometry, Galactic Evolution, Hubble Diagram, Infrared Astronomy, Radio Galaxies, Red Shift, Elliptical Galaxies, Energy Distribution, Luminosity, Stellar Evolution, Stellar Models, Astronomy, Hubble Diagram:Radio Galaxies, Infrared Colors:Radio Galaxies, Infrared Photometry:Radio Galaxies, Radio Galaxies:Evolution},
         year = "1982",
        month = "Jun",
       volume = {199},
        pages = {1053-1068},
          doi = {10.1093/mnras/199.4.1053},
       adsurl = {https://ui.adsabs.harvard.edu/abs/1982MNRAS.199.1053L},
      adsnote = {Provided by the SAO/NASA Astrophysics Data System}
}

@ARTICLE{deBreuck2002,
       author = {{De Breuck}, Carlos and {van Breugel}, Wil and {Stanford}, S.~A. and
         {R{\"o}ttgering}, Huub and {Miley}, George and {Stern}, Daniel},
        title = "{Optical and Near-Infrared Imaging of Ultra-Steep-Spectrum Radio Sources: The K-z Diagram of Radio-selected and Optically Selected Galaxies}",
      journal = {\aj},
     keywords = {Galaxies: Active, Galaxies: Formation, Galaxies: Photometry, Galaxies: Structure, Stars: Pulsars: General, Radio Continuum, Surveys, Astrophysics},
         year = "2002",
        month = "Feb",
       volume = {123},
       number = {2},
        pages = {637-677},
          doi = {10.1086/324632},
archivePrefix = {arXiv},
       eprint = {astro-ph/0109540},
 primaryClass = {astro-ph},
       adsurl = {https://ui.adsabs.harvard.edu/abs/2002AJ....123..637D},
      adsnote = {Provided by the SAO/NASA Astrophysics Data System}
}

@ARTICLE{Inskip2002,
       author = {{Inskip}, K.~J. and {Best}, P.~N. and {Longair}, M.~S. and
         {MacKay}, D.~J.~C.},
        title = "{Infrared magnitude-redshift relations for luminous radio galaxies}",
      journal = {\mnras},
     keywords = {GALAXIES: ACTIVE, GALAXIES: EVOLUTION, COSMOLOGICAL PARAMETERS, RADIO CONTINUUM: GALAXIES, Astrophysics},
         year = "2002",
        month = "Jan",
       volume = {329},
       number = {2},
        pages = {277-289},
          doi = {10.1046/j.1365-8711.2002.04997.x},
archivePrefix = {arXiv},
       eprint = {astro-ph/0110054},
 primaryClass = {astro-ph},
       adsurl = {https://ui.adsabs.harvard.edu/abs/2002MNRAS.329..277I},
      adsnote = {Provided by the SAO/NASA Astrophysics Data System}
}

@ARTICLE{Eales1997,
       author = {{Eales}, Stephen and {Rawlings}, Steve and {Law-Green}, Duncan and
         {Cotter}, Garret and {Lacy}, Mark},
        title = "{A first sample of faint radio sources with virtually complete redshifts - I. Infrared images, the Hubble diagram and the alignment effect}",
      journal = {\mnras},
     keywords = {Radio Sources (Astronomy), Red Shift, Infrared Astronomy, Hubble Diagram, Radio Galaxies, Infrared Imagery, Alignment, Astrophysics, EARLY UNIVERSE, INFRARED: GENERAL, RADIO CONTINUUM: GENERAL, Astrophysics},
         year = "1997",
        month = "Nov",
       volume = {291},
       number = {4},
        pages = {593-615},
          doi = {10.1093/mnras/291.4.593},
archivePrefix = {arXiv},
       eprint = {astro-ph/9701023},
 primaryClass = {astro-ph},
       adsurl = {https://ui.adsabs.harvard.edu/abs/1997MNRAS.291..593E},
      adsnote = {Provided by the SAO/NASA Astrophysics Data System}
}

@ARTICLE{EalesRawlings1996,
       author = {{Eales}, Stephen A. and {Rawlings}, Steve},
        title = "{A Panoramic View of Radio Galaxy Evolution from a Redshift of 0 to a Redshift of 4.3}",
      journal = {\apj},
     keywords = {COSMOLOGY: OBSERVATIONS, GALAXIES: DISTANCES AND REDSHIFTS, INFRARED: GALAXIES},
         year = "1996",
        month = "Mar",
       volume = {460},
        pages = {68},
          doi = {10.1086/176953},
       adsurl = {https://ui.adsabs.harvard.edu/abs/1996ApJ...460...68E},
      adsnote = {Provided by the SAO/NASA Astrophysics Data System}
}

@ARTICLE{RanaBasu1992,
       author = {{Rana}, N.~C. and {Basu}, S.},
        title = "{Derivation of the age-metallicity relation and initial mass function of stars in the solar neighbourhood.}",
      journal = {\aap},
     keywords = {Metallicity, Solar Neighborhood, Stellar Evolution, Stellar Mass, Astronomical Models, Chemical Evolution, Dark Matter, Star Distribution, Astrophysics},
         year = "1992",
        month = "Nov",
       volume = {265},
        pages = {499-503},
       adsurl = {https://ui.adsabs.harvard.edu/abs/1992A&A...265..499R},
      adsnote = {Provided by the SAO/NASA Astrophysics Data System}
}

@INPROCEEDINGS{Zaroubi2013,
       author = {{Zaroubi}, Saleem},
        title = "{The Epoch of Reionization}",
     keywords = {Physics, Astrophysics - Cosmology and Nongalactic Astrophysics},
    booktitle = {The First Galaxies},
         year = "2013",
       editor = {{Wiklind}, Tommy and {Mobasher}, Bahram and {Bromm}, Volker},
       series = {Astrophysics and Space Science Library},
       volume = {396},
        month = "Jan",
        pages = {45},
          doi = {10.1007/978-3-642-32362-1_2},
archivePrefix = {arXiv},
       eprint = {1206.0267},
 primaryClass = {astro-ph.CO},
       adsurl = {https://ui.adsabs.harvard.edu/abs/2013ASSL..396...45Z},
      adsnote = {Provided by the SAO/NASA Astrophysics Data System}
}

@ARTICLE{Werner2004,
       author = {{Werner}, M.~W. and {Roellig}, T.~L. and {Low}, F.~J. and
         {Rieke}, G.~H. and {Rieke}, M. and {Hoffmann}, W.~F. and {Young}, E. and
         {Houck}, J.~R. and {Brandl}, B. and {Fazio}, G.~G. and {Hora}, J.~L. and
         {Gehrz}, R.~D. and {Helou}, G. and {Soifer}, B.~T. and {Stauffer}, J. and
         {Keene}, J. and {Eisenhardt}, P. and {Gallagher}, D. and
         {Gautier}, T.~N. and {Irace}, W. and {Lawrence}, C.~R. and
         {Simmons}, L. and {Van Cleve}, J.~E. and {Jura}, M. and
         {Wright}, E.~L. and {Cruikshank}, D.~P.},
        title = "{The Spitzer Space Telescope Mission}",
      journal = {\apjs},
     keywords = {Space Vehicles: Instruments, Telescopes, Astrophysics},
         year = "2004",
        month = "Sep",
       volume = {154},
       number = {1},
        pages = {1-9},
          doi = {10.1086/422992},
archivePrefix = {arXiv},
       eprint = {astro-ph/0406223},
 primaryClass = {astro-ph},
       adsurl = {https://ui.adsabs.harvard.edu/abs/2004ApJS..154....1W},
      adsnote = {Provided by the SAO/NASA Astrophysics Data System}
}

@ARTICLE{Songaila1994,
       author = {{Songaila}, A. and {Cowie}, L.~L. and {Hu}, E.~M. and {Gardner}, J.~P.},
        title = "{The Hawaii K-Band Galaxy Survey. III. Spectroscopy of K \&lt; 20 Galaxies}",
      journal = {\apjs},
     keywords = {Cosmology, Extremely High Frequencies, Galactic Evolution, Sky Surveys (Astronomy), Balmer Series, Hubble Diagram, Red Shift, Star Formation Rate, Stellar Luminosity, Astrophysics, COSMOLOGY: OBSERVATIONS, GALAXIES: DISTANCES AND REDSHIFTS, GALAXIES: EVOLUTION, INFRARED: GALAXIES, SURVEYS},
         year = "1994",
        month = "Oct",
       volume = {94},
        pages = {461},
          doi = {10.1086/192080},
       adsurl = {https://ui.adsabs.harvard.edu/abs/1994ApJS...94..461S},
      adsnote = {Provided by the SAO/NASA Astrophysics Data System}
}

@ARTICLE{Dickinson2003,
       author = {{Dickinson}, Mark and {Papovich}, Casey and {Ferguson}, Henry C. and
         {Budav{\'a}ri}, Tam{\'a}s},
        title = "{The Evolution of the Global Stellar Mass Density at 0\&lt;z\&lt;3}",
      journal = {\apj},
     keywords = {Cosmology: Early Universe, Galaxies: Evolution, Galaxies: High-Redshift, Galaxies: Stellar Content, Infrared: Galaxies, Astrophysics},
         year = "2003",
        month = "Apr",
       volume = {587},
       number = {1},
        pages = {25-40},
          doi = {10.1086/368111},
archivePrefix = {arXiv},
       eprint = {astro-ph/0212242},
 primaryClass = {astro-ph},
       adsurl = {https://ui.adsabs.harvard.edu/abs/2003ApJ...587...25D},
      adsnote = {Provided by the SAO/NASA Astrophysics Data System}
}

@ARTICLE{Reber1944,
       author = {{Reber}, Grote},
        title = "{Cosmic Static.}",
      journal = {\apj},
         year = "1944",
        month = "Nov",
       volume = {100},
        pages = {279},
          doi = {10.1086/144668},
       adsurl = {https://ui.adsabs.harvard.edu/abs/1944ApJ...100..279R},
      adsnote = {Provided by the SAO/NASA Astrophysics Data System}
}

@ARTICLE{Best2005a,
       author = {{Best}, P.~N. and {Kauffmann}, G. and {Heckman}, T.~M. and
         {Ivezi{\'c}}, {\v{Z}}.},
        title = "{A sample of radio-loud active galactic nuclei in the Sloan Digital Sky Survey}",
      journal = {\mnras},
     keywords = {surveys, galaxies: active, galaxies: evolution, galaxies: luminosity function, mass function, galaxies: starburst, radio continuum: galaxies, Astrophysics},
         year = "2005",
        month = "Sep",
       volume = {362},
       number = {1},
        pages = {9-24},
          doi = {10.1111/j.1365-2966.2005.09283.x},
archivePrefix = {arXiv},
       eprint = {astro-ph/0506268},
 primaryClass = {astro-ph},
       adsurl = {https://ui.adsabs.harvard.edu/abs/2005MNRAS.362....9B},
      adsnote = {Provided by the SAO/NASA Astrophysics Data System}
}

@ARTICLE{Miller1990,
       author = {{Miller}, L. and {Peacock}, J.~A. and {Mead}, A.~R.~G.},
        title = "{The bimodal radio luminosity function of quasars.}",
      journal = {\mnras},
     keywords = {Quasars, Radio Astronomy, Radio Emission, Astronomical Spectroscopy, Luminosity, Red Shift, Astrophysics},
         year = "1990",
        month = "May",
       volume = {244},
        pages = {207-213},
       adsurl = {https://ui.adsabs.harvard.edu/abs/1990MNRAS.244..207M},
      adsnote = {Provided by the SAO/NASA Astrophysics Data System}
}

@ARTICLE{Drouart2012,
       author = {{Drouart}, G. and {De Breuck}, C. and {Vernet}, J. and {Laing}, R.~A. and
         {Seymour}, N. and {Stern}, D. and {Haas}, M. and {Pier}, E.~A. and
         {Rocca-Volmerange}, B.},
        title = "{Jet and torus orientations in high redshift radio galaxies}",
      journal = {\aap},
     keywords = {galaxies: high-redshift, galaxies: active, radio continuum: galaxies, infrared: galaxies, galaxies: jets, quasars: general, Astrophysics - Cosmology and Nongalactic Astrophysics},
         year = "2012",
        month = "Dec",
       volume = {548},
          eid = {A45},
        pages = {A45},
          doi = {10.1051/0004-6361/201220059},
archivePrefix = {arXiv},
       eprint = {1209.5399},
 primaryClass = {astro-ph.CO},
       adsurl = {https://ui.adsabs.harvard.edu/abs/2012A&A...548A..45D},
      adsnote = {Provided by the SAO/NASA Astrophysics Data System}
}

@ARTICLE{Padovani1993,
       author = {{Padovani}, P.},
        title = "{The radio-loud fraction and its dependence on magnitude and redshift.}",
      journal = {\mnras},
         year = "1993",
        month = "Jul",
       volume = {263},
        pages = {461-470},
          doi = {10.1093/mnras/263.2.461},
       adsurl = {https://ui.adsabs.harvard.edu/abs/1993MNRAS.263..461P},
      adsnote = {Provided by the SAO/NASA Astrophysics Data System}
}

@ARTICLE{Madau1996,
       author = {{Madau}, Piero and {Ferguson}, Henry C. and {Dickinson}, Mark E. and
         {Giavalisco}, Mauro and {Steidel}, Charles C. and {Fruchter}, Andrew},
        title = "{High-redshift galaxies in the Hubble Deep Field: colour selection and star formation history to z\raisebox{-0.5ex}\textasciitilde4}",
      journal = {\mnras},
     keywords = {STARS: FORMATION, GALAXIES: EVOLUTION, INTERGALACTIC MEDIUM, QUASARS: ABSORPTION LINES, COSMOLOGY: OBSERVATIONS, ULTRAVIOLET: GALAXIES, Astrophysics},
         year = "1996",
        month = "Dec",
       volume = {283},
       number = {4},
        pages = {1388-1404},
          doi = {10.1093/mnras/283.4.1388},
archivePrefix = {arXiv},
       eprint = {astro-ph/9607172},
 primaryClass = {astro-ph},
       adsurl = {https://ui.adsabs.harvard.edu/abs/1996MNRAS.283.1388M},
      adsnote = {Provided by the SAO/NASA Astrophysics Data System}
}

@ARTICLE{Lilly1995,
       author = {{Lilly}, S.~J. and {Tresse}, L. and {Hammer}, F. and {Crampton}, David and
         {Le Fevre}, O.},
        title = "{The Canada-France Redshift Survey. VI. Evolution of the Galaxy Luminosity Function to Z approximately 1}",
      journal = {\apj},
     keywords = {COSMOLOGY: OBSERVATIONS, GALAXIES: DISTANCES AND REDSHIFTS, GALAXIES: LUMINOSITY FUNCTION, MASS FUNCTION, Astrophysics},
         year = "1995",
        month = "Dec",
       volume = {455},
        pages = {108},
          doi = {10.1086/176560},
archivePrefix = {arXiv},
       eprint = {astro-ph/9507079},
 primaryClass = {astro-ph},
       adsurl = {https://ui.adsabs.harvard.edu/abs/1995ApJ...455..108L},
      adsnote = {Provided by the SAO/NASA Astrophysics Data System}
}

@ARTICLE{Vernet2001,
       author = {{Vernet}, J. and {Fosbury}, R.~A.~E. and {Villar-Mart{\'\i}n}, M. and
         {Cohen}, M.~H. and {Cimatti}, A. and {di Serego Alighieri}, S. and
         {Goodrich}, R.~W.},
        title = "{Radio galaxies at z \raisebox{-0.5ex}\textasciitilde 2.5: Results from Keck spectropolarimetry}",
      journal = {\aap},
     keywords = {TECHNIQUES: POLARIMETRIC, GALAXIES: ACTIVE, GALAXIES: EVOLUTION, GALAXIES: ABUNDANCES, GALAXIES: STARBURST, SCATTERING, Astrophysics},
         year = "2001",
        month = "Jan",
       volume = {366},
        pages = {7-25},
          doi = {10.1051/0004-6361:20000076},
archivePrefix = {arXiv},
       eprint = {astro-ph/0010640},
 primaryClass = {astro-ph},
       adsurl = {https://ui.adsabs.harvard.edu/abs/2001A&A...366....7V},
      adsnote = {Provided by the SAO/NASA Astrophysics Data System}
}

@ARTICLE{Kennicutt1998,
       author = {{Kennicutt}, Robert C., Jr.},
        title = "{Star Formation in Galaxies Along the Hubble Sequence}",
      journal = {\araa},
     keywords = {Astrophysics},
         year = "1998",
        month = "Jan",
       volume = {36},
        pages = {189-232},
          doi = {10.1146/annurev.astro.36.1.189},
archivePrefix = {arXiv},
       eprint = {astro-ph/9807187},
 primaryClass = {astro-ph},
       adsurl = {https://ui.adsabs.harvard.edu/abs/1998ARA&A..36..189K},
      adsnote = {Provided by the SAO/NASA Astrophysics Data System}
}

@ARTICLE{Schreiber2015,
       author = {{Schreiber}, C. and {Pannella}, M. and {Elbaz}, D. and
         {B{\'e}thermin}, M. and {Inami}, H. and {Dickinson}, M. and
         {Magnelli}, B. and {Wang}, T. and {Aussel}, H. and {Daddi}, E. and
         {Juneau}, S. and {Shu}, X. and {Sargent}, M.~T. and {Buat}, V. and
         {Faber}, S.~M. and {Ferguson}, H.~C. and {Giavalisco}, M. and
         {Koekemoer}, A.~M. and {Magdis}, G. and {Morrison}, G.~E. and
         {Papovich}, C. and {Santini}, P. and {Scott}, D.},
        title = "{The Herschel view of the dominant mode of galaxy growth from z = 4 to the present day}",
      journal = {\aap},
     keywords = {methods: statistical, galaxies: evolution, galaxies: active, galaxies: starburst, Astrophysics - Astrophysics of Galaxies},
         year = "2015",
        month = "Mar",
       volume = {575},
          eid = {A74},
        pages = {A74},
          doi = {10.1051/0004-6361/201425017},
archivePrefix = {arXiv},
       eprint = {1409.5433},
 primaryClass = {astro-ph.GA},
       adsurl = {https://ui.adsabs.harvard.edu/abs/2015A&A...575A..74S},
      adsnote = {Provided by the SAO/NASA Astrophysics Data System}
}
@ARTICLE{Santini2017,
       author = {{Santini}, Paola and {Fontana}, Adriano and {Castellano}, Marco and
         {Di Criscienzo}, Marcella and {Merlin}, Emiliano and {Amorin}, Ricardo and
         {Cullen}, Fergus and {Daddi}, Emanuele and {Dickinson}, Mark and
         {Dunlop}, James S. and {Grazian}, Andrea and {Lamastra}, Alessandra and
         {McLure}, Ross J. and {Micha{\l}owski}, Micha{\l}. J. and
         {Pentericci}, Laura and {Shu}, Xinwen},
        title = "{The Star Formation Main Sequence in the Hubble Space Telescope Frontier Fields}",
      journal = {\apj},
     keywords = {galaxies: evolution, galaxies: formation, galaxies: high-redshift, galaxies: star formation, Astrophysics - Astrophysics of Galaxies},
         year = "2017",
        month = "Sep",
       volume = {847},
       number = {1},
          eid = {76},
        pages = {76},
          doi = {10.3847/1538-4357/aa8874},
archivePrefix = {arXiv},
       eprint = {1706.07059},
 primaryClass = {astro-ph.GA},
       adsurl = {https://ui.adsabs.harvard.edu/abs/2017ApJ...847...76S},
      adsnote = {Provided by the SAO/NASA Astrophysics Data System}
}

@ARTICLE{Banados2018,
       author = {{Ba{\~n}ados}, Eduardo and {Carilli}, Chris and {Walter}, Fabian and
         {Momjian}, Emmanuel and {Decarli}, Roberto and {Farina}, Emanuele P. and
         {Mazzucchelli}, Chiara and {Venemans}, Bram P.},
        title = "{A Powerful Radio-loud Quasar at the End of Cosmic Reionization}",
      journal = {\apjl},
     keywords = {cosmology: observations, early universe, quasars: individual: PSO J352.4034-15.3373, Astrophysics - Astrophysics of Galaxies},
         year = "2018",
        month = "Jul",
       volume = {861},
       number = {2},
          eid = {L14},
        pages = {L14},
          doi = {10.3847/2041-8213/aac511},
archivePrefix = {arXiv},
       eprint = {1807.02531},
 primaryClass = {astro-ph.GA},
       adsurl = {https://ui.adsabs.harvard.edu/abs/2018ApJ...861L..14B},
      adsnote = {Provided by the SAO/NASA Astrophysics Data System}
}

@ARTICLE{Fan2006,
       author = {{Fan}, Xiaohui},
        title = "{Evolution of high-redshift quasars}",
      journal = {\nar},
         year = "2006",
        month = "Nov",
       volume = {50},
       number = {9-10},
        pages = {665-671},
          doi = {10.1016/j.newar.2006.06.077},
       adsurl = {https://ui.adsabs.harvard.edu/abs/2006NewAR..50..665F},
      adsnote = {Provided by the SAO/NASA Astrophysics Data System}
}

@ARTICLE{Best1998a,
       author = {{Best}, P.~N. and {Longair}, M.~S. and {Roettgering}, H.~J.~A.},
        title = "{HST, radio and infrared observations of 28 3CR radio galaxies at redshift z\raisebox{-0.5ex}\textasciitilde1 - II. Old stellar populations in central cluster galaxies}",
      journal = {\mnras},
     keywords = {Hubble Space Telescope, Radio Galaxies, Infrared Astronomy, Radio Astronomy, Red Shift, Galactic Clusters, Star Distribution, Infrared Imagery, Spectral Energy Distribution, Spectral Emission, Stellar Magnitude, Stellar Evolution, Astronomy, GALAXIES: ACTIVE, GALAXIES: EVOLUTION, GALAXIES: FUNDAMENTAL PARAMETERS, INFRARED: GALAXIES, RADIO CONTINUUM: GALAXIES, Astrophysics},
         year = "1998",
        month = "Apr",
       volume = {295},
       number = {3},
        pages = {549-567},
          doi = {10.1046/j.1365-8711.1998.01245.x},
archivePrefix = {arXiv},
       eprint = {astro-ph/9709195},
 primaryClass = {astro-ph},
       adsurl = {https://ui.adsabs.harvard.edu/abs/1998MNRAS.295..549B},
      adsnote = {Provided by the SAO/NASA Astrophysics Data System}
}

@ARTICLE{Ryle1950,
       author = {{Ryle}, M. and {Smith}, F.~G. and {Elsmore}, B.},
        title = "{A preliminary survey of the radio stars in the Northern Hemisphere}",
      journal = {\mnras},
         year = "1950",
        month = "Jan",
       volume = {110},
        pages = {508},
          doi = {10.1093/mnras/110.6.508},
       adsurl = {https://ui.adsabs.harvard.edu/abs/1950MNRAS.110..508R},
      adsnote = {Provided by the SAO/NASA Astrophysics Data System}
}

@ARTICLE{Veron1966,
       author = {{V{\'e}ron}, P.},
        title = "{Optical Positions for Radio Sources in the 3c Revised Catalogue}",
      journal = {\apj},
         year = "1966",
        month = "Jun",
       volume = {144},
        pages = {861},
          doi = {10.1086/148682},
       adsurl = {https://ui.adsabs.harvard.edu/abs/1966ApJ...144..861V},
      adsnote = {Provided by the SAO/NASA Astrophysics Data System}
}

@ARTICLE{Shakeshaft1955,
       author = {{Shakeshaft}, J.~R. and {Ryle}, M. and {Baldwin}, J.~E. and
         {Elsmore}, B. and {Thomson}, J.~H.},
        title = "{A survey of radio sources between declinations {\textemdash}38{\textdegree} and +83{\textdegree}.}",
      journal = {\memras},
         year = "1955",
        month = "Jan",
       volume = {67},
        pages = {106},
       adsurl = {https://ui.adsabs.harvard.edu/abs/1955MmRAS..67..106S},
      adsnote = {Provided by the SAO/NASA Astrophysics Data System}
}

@ARTICLE{Edge1959,
       author = {{Edge}, D.~O. and {Shakeshaft}, J.~R. and {McAdam}, W.~B. and
         {Baldwin}, J.~E. and {Archer}, S.},
        title = "{A survey of radio sources at a frequency of 159 Mc/s.}",
      journal = {\memras},
         year = "1959",
        month = "Jan",
       volume = {68},
        pages = {37-60},
       adsurl = {https://ui.adsabs.harvard.edu/abs/1959MmRAS..68...37E},
      adsnote = {Provided by the SAO/NASA Astrophysics Data System}
}

@ARTICLE{Minkowski1960,
       author = {{Minkowski}, R.},
        title = "{A New Distant Cluster of Galaxies.}",
      journal = {\apj},
         year = "1960",
        month = "Nov",
       volume = {132},
        pages = {908-910},
          doi = {10.1086/146994},
       adsurl = {https://ui.adsabs.harvard.edu/abs/1960ApJ...132..908M},
      adsnote = {Provided by the SAO/NASA Astrophysics Data System}
}

@ARTICLE{Leslie1961,
       author = {{Leslie}, P.~R.~R.},
        title = "{The surface brightness of radio sources at galactic latitudes greater than 20\&amp;deg}",
      journal = {\mnras},
         year = "1961",
        month = "Jan",
       volume = {122},
        pages = {51},
          doi = {10.1093/mnras/122.1.51},
       adsurl = {https://ui.adsabs.harvard.edu/abs/1961MNRAS.122...51L},
      adsnote = {Provided by the SAO/NASA Astrophysics Data System}
}

@ARTICLE{AMIConsortium2011,
       author = {{AMI Consortium} and {Davies}, Mathhew L. and {Franzen}, Thomas M.~O. and
         {Waldram}, Elizabeth M. and {Grainge}, Keith J.~B. and
         {Hobson}, Michael P. and {Hurley-Walker}, Natasha and
         {Lasenby}, Anthony and {Olamaie}, Malak and {Pooley}, Guy G. and
         {Riley}, Julia M. and {Rodr{\'\i}guez-Gonz{\'a}lvez}, Carmen and
         {Saunders}, Richard D.~E. and {Scaife}, Anna M.~M. and
         {Schammel}, Michel P. and {Scott}, Paul F. and {Shimwell}, Timothy W. and
         {Titterington}, David J. and {Zwart}, Jonathan T.~L.},
        title = "{10C survey of radio sources at 15.7 GHz - II. First results}",
      journal = {\mnras},
     keywords = {catalogues, surveys, radio continuum: galaxies, radio continuum: general, Astrophysics - Cosmology and Nongalactic Astrophysics},
         year = "2011",
        month = "Aug",
       volume = {415},
       number = {3},
        pages = {2708-2722},
          doi = {10.1111/j.1365-2966.2011.18925.x},
archivePrefix = {arXiv},
       eprint = {1012.3659},
 primaryClass = {astro-ph.CO},
       adsurl = {https://ui.adsabs.harvard.edu/abs/2011MNRAS.415.2708A},
      adsnote = {Provided by the SAO/NASA Astrophysics Data System}
}

@ARTICLE{McCarthy1991,
       author = {{McCarthy}, P.~J. and {van Breughel}, W. and {Kapahi}, V.~K. and
         {Subrahmanya}, C.~R.},
        title = "{High Redshift Radio Galaxies From the Molonglo Catalogue.II}",
      journal = {\aj},
     keywords = {Astronomical Catalogs, Radio Galaxies, Red Shift, Very Large Array (Vla), Astrometry, Emission Spectra, Line Spectra, Radio Sources (Astronomy), Sky Surveys (Astronomy), Astrophysics, RADIO SOURCES: GALAXIES},
         year = "1991",
        month = "Aug",
       volume = {102},
        pages = {522},
          doi = {10.1086/115891},
       adsurl = {https://ui.adsabs.harvard.edu/abs/1991AJ....102..522M},
      adsnote = {Provided by the SAO/NASA Astrophysics Data System}
}

@ARTICLE{Tielens1979,
       author = {{Tielens}, A.~G.~G.~M. and {Miley}, G.~K. and {Willis}, A.~G.},
        title = "{Westerbork Observations of 4C Sources with Steep Radio Spectra}",
      journal = {\aaps},
         year = "1979",
        month = "Feb",
       volume = {35},
        pages = {153},
       adsurl = {https://ui.adsabs.harvard.edu/abs/1979A&AS...35..153T},
      adsnote = {Provided by the SAO/NASA Astrophysics Data System}
}

@ARTICLE{LaingRileyLongair1983,
       author = {{Laing}, R.~A. and {Riley}, J.~M. and {Longair}, M.~S.},
        title = "{Bright radio sources at 178 MHz : flux densities, optical identifications and the cosmological evolution of powerful radio galaxies.}",
      journal = {\mnras},
     keywords = {Cosmology, Galactic Evolution, Radio Galaxies, Astronomical Catalogs, Luminosity, Magnitude, Quasars, Radiant Flux Density, Red Shift, Visible Spectrum, Astrophysics},
         year = "1983",
        month = "Jul",
       volume = {204},
        pages = {151-187},
          doi = {10.1093/mnras/204.1.151},
       adsurl = {https://ui.adsabs.harvard.edu/abs/1983MNRAS.204..151L},
      adsnote = {Provided by the SAO/NASA Astrophysics Data System}
}

@INPROCEEDINGS{ChambersMiley1990,
       author = {{Chambers}, K.~C. and {Miley}, G.~K.},
        title = "{High redshift radio galaxies and the alignment effect.}",
     keywords = {Radio Galaxies, Red Shift, Star Formation, Alignment, Gravitational Lenses, Instrument Orientation, Massive Stars, Spectral Energy Distribution, Astrophysics, Radio Galaxies: Alignment, Radio Galaxies: Redshifts},
    booktitle = {Evolution of the Universe of Galaxies},
         year = "1990",
       editor = {{Kron}, Richard G.},
       series = {Astronomical Society of the Pacific Conference Series},
       volume = {10},
        month = "Jan",
        pages = {373-388},
       adsurl = {https://ui.adsabs.harvard.edu/abs/1990ASPC...10..373C},
      adsnote = {Provided by the SAO/NASA Astrophysics Data System}
}

@ARTICLE{Bennett1962,
       author = {{Bennett}, A.~S.},
        title = "{The revised 3C catalogue of radio sources.}",
      journal = {\memras},
         year = "1962",
        month = "Jan",
       volume = {68},
        pages = {163},
       adsurl = {https://ui.adsabs.harvard.edu/abs/1962MmRAS..68..163B},
      adsnote = {Provided by the SAO/NASA Astrophysics Data System}
}

@ARTICLE{McCarthy1990,
       author = {{McCarthy}, P.~J. and {Kapahi}, V.~K. and {van Breugel}, W. and
         {Subrahmanya}, C.~R.},
        title = "{High-Redshift Radio Galaxies from the Molonglo Catalogue}",
      journal = {\aj},
     keywords = {Astronomical Catalogs, Astronomical Spectroscopy, Radio Astronomy, Radio Galaxies, Red Shift, Flux Density, Imaging Techniques, Southern Hemisphere, Astronomy, RADIO SOURCES: GALAXIES},
         year = "1990",
        month = "Oct",
       volume = {100},
        pages = {1014},
          doi = {10.1086/115575},
       adsurl = {https://ui.adsabs.harvard.edu/abs/1990AJ....100.1014M},
      adsnote = {Provided by the SAO/NASA Astrophysics Data System}
}

@ARTICLE{Hunstead1972,
       author = {{Hunstead}, R.~W.},
        title = "{Accurate positions of radio sources at 408 MHz.}",
      journal = {\mnras},
         year = "1972",
        month = "Jan",
       volume = {157},
        pages = {367-402},
          doi = {10.1093/mnras/157.4.367},
       adsurl = {https://ui.adsabs.harvard.edu/abs/1972MNRAS.157..367H},
      adsnote = {Provided by the SAO/NASA Astrophysics Data System}
}

@ARTICLE{Planck2016,
   author = {{Planck Collaboration} and {Ade}, P.~A.~R. and {Aghanim}, N. and 
	{Arnaud}, M. and {Ashdown}, M. and {Aumont}, J. and {Baccigalupi}, C. and 
	{Banday}, A.~J. and {Barreiro}, R.~B. and {Bartlett}, J.~G. and et al.},
    title = "{Planck 2015 results. XIII. Cosmological parameters}",
  journal = {\aap},
archivePrefix = "arXiv",
   eprint = {1502.01589},
 keywords = {cosmology: observations, cosmology: theory, cosmic background radiation, cosmological parameters},
     year = 2016,
    month = sep,
   volume = 594,
      eid = {A13},
    pages = {A13},
      doi = {10.1051/0004-6361/201525830},
   adsurl = {https://ui.adsabs.harvard.edu/abs/2016A%26A...594A..13P},
  adsnote = {Provided by the SAO/NASA Astrophysics Data System}
}

@ARTICLE{Carilli1997,
       author = {{Carilli}, C.~L. and {R{\"o}ttgering}, H.~J.~A. and {van Ojik}, R. and
         {Miley}, G.~K. and {van Breugel}, W.~J.~M.},
        title = "{Radio Continuum Imaging of High-Redshift Radio Galaxies}",
      journal = {\apjs},
     keywords = {GALAXIES: STRUCTURE, POLARIZATION, RADIO CONTINUUM: GALAXIES, Galaxies: Structure, Polarization, Radio Continuum: Galaxies, Astrophysics},
         year = "1997",
        month = "Jan",
       volume = {109},
       number = {1},
        pages = {1-44},
          doi = {10.1086/312973},
archivePrefix = {arXiv},
       eprint = {astro-ph/9610157},
 primaryClass = {astro-ph},
       adsurl = {https://ui.adsabs.harvard.edu/abs/1997ApJS..109....1C},
      adsnote = {Provided by the SAO/NASA Astrophysics Data System}
}

@ARTICLE{DeBreuck2000,
       author = {{De Breuck}, C. and {van Breugel}, W. and {R{\"o}ttgering}, H.~J.~A. and
         {Miley}, G.},
        title = "{A sample of 669 ultra steep spectrum radio sources to find high redshift radio galaxies}",
      journal = {\aaps},
     keywords = {SURVEYS, GALAXIES: ACTIVE, RADIO CONTINUUM: GALAXIES, Astrophysics},
         year = "2000",
        month = "Apr",
       volume = {143},
        pages = {303-333},
          doi = {10.1051/aas:2000181},
archivePrefix = {arXiv},
       eprint = {astro-ph/0002297},
 primaryClass = {astro-ph},
       adsurl = {https://ui.adsabs.harvard.edu/abs/2000A&AS..143..303D},
      adsnote = {Provided by the SAO/NASA Astrophysics Data System}
}

@ARTICLE{Klamer2006,
       author = {{Klamer}, Ilana J. and {Ekers}, Ron D. and {Bryant}, Julia J. and
         {Hunstead}, Richard W. and {Sadler}, Elaine M. and {De Breuck}, Carlos},
        title = "{A search for distant radio galaxies from SUMSS and NVSS - III. Radio spectral energy distributions and the z-{\ensuremath{\alpha}} correlation}",
      journal = {\mnras},
     keywords = {surveys: galaxies: active: radio continuum: galaxies: radio continuum: general, surveys, galaxies: active, radio continuum: galaxies, radio continuum: general, Astrophysics},
         year = "2006",
        month = "Sep",
       volume = {371},
       number = {2},
        pages = {852-866},
          doi = {10.1111/j.1365-2966.2006.10714.x},
archivePrefix = {arXiv},
       eprint = {astro-ph/0606469},
 primaryClass = {astro-ph},
       adsurl = {https://ui.adsabs.harvard.edu/abs/2006MNRAS.371..852K},
      adsnote = {Provided by the SAO/NASA Astrophysics Data System}
}

@ARTICLE{Bicknell2000,
       author = {{Bicknell}, Geoffrey V. and {Sutherland}, Ralph S. and
         {van Breugel}, Wil J.~M. and {Dopita}, Michael A. and {Dey}, Arjun and
         {Miley}, George K.},
        title = "{Jet-induced Emission-Line Nebulosity and Star Formation in the High-Redshift Radio Galaxy 4C 41.17}",
      journal = {\apj},
     keywords = {galaxies: individual (4C 41.17), Galaxies: ISM, Galaxies: Jets, Galaxies: Structure, Stars: Formation, Astrophysics},
         year = "2000",
        month = "Sep",
       volume = {540},
       number = {2},
        pages = {678-686},
          doi = {10.1086/309343},
archivePrefix = {arXiv},
       eprint = {astro-ph/9909218},
 primaryClass = {astro-ph},
       adsurl = {https://ui.adsabs.harvard.edu/abs/2000ApJ...540..678B},
      adsnote = {Provided by the SAO/NASA Astrophysics Data System}
}

@ARTICLE{Rees1989,
       author = {{Rees}, Martin J.},
        title = "{The radio/optical alignment of high-z radio galaxies : triggering of star formation in radio lobes.}",
      journal = {\mnras},
     keywords = {Astronomical Models, Galactic Evolution, Radio Galaxies, Radio Spectra, Star Formation, Galactic Nuclei, Red Shift, Temperature, Visible Spectrum, Astrophysics},
         year = "1989",
        month = "Jul",
       volume = {239},
        pages = {1P-4},
          doi = {10.1093/mnras/239.1.1P},
       adsurl = {https://ui.adsabs.harvard.edu/abs/1989MNRAS.239P...1R},
      adsnote = {Provided by the SAO/NASA Astrophysics Data System}
}







