@ARTICLE{Tumlinson2017,
       author = {{Tumlinson}, Jason and {Peeples}, Molly S. and {Werk}, Jessica K.},
        title = "{The Circumgalactic Medium}",
      journal = {\araa},
     keywords = {Astrophysics - Astrophysics of Galaxies},
         year = "2017",
        month = "Aug",
       volume = {55},
       number = {1},
        pages = {389-432},
          doi = {10.1146/annurev-astro-091916-055240},
archivePrefix = {arXiv},
       eprint = {1709.09180},
 primaryClass = {astro-ph.GA},
       adsurl = {https://ui.adsabs.harvard.edu/abs/2017ARA&A..55..389T},
      adsnote = {Provided by the SAO/NASA Astrophysics Data System}
}

@ARTICLE{Lehner2015,
       author = {{Lehner}, Nicolas and {Howk}, J. Christopher and {Wakker}, Bart P.},
        title = "{Evidence for a Massive, Extended Circumgalactic Medium Around the Andromeda Galaxy}",
      journal = {\apj},
     keywords = {galaxies: halos, galaxies: individual: M31, intergalactic medium, Local Group, quasars: absorption lines, Astrophysics - Astrophysics of Galaxies},
         year = "2015",
        month = "May",
       volume = {804},
       number = {2},
          eid = {79},
        pages = {79},
          doi = {10.1088/0004-637X/804/2/79},
archivePrefix = {arXiv},
       eprint = {1404.6540},
 primaryClass = {astro-ph.GA},
       adsurl = {https://ui.adsabs.harvard.edu/abs/2015ApJ...804...79L},
      adsnote = {Provided by the SAO/NASA Astrophysics Data System}
}


@ARTICLE{Bowen2016,
       author = {{Bowen}, David V. and {Chelouche}, Doron and {Jenkins}, Edward B. and
         {Tripp}, Todd M. and {Pettini}, Max and {York}, Donald G. and
         {Frye}, Brenda L.},
        title = "{The Structure of the Circumgalactic Medium of Galaxies: Cool Accretion Inflow Around NGC 1097}",
      journal = {\apj},
     keywords = {galaxies: halos, galaxies: individual: NGC 1097, quasars: absorption lines, Astrophysics - Astrophysics of Galaxies},
         year = "2016",
        month = "Jul",
       volume = {826},
       number = {1},
          eid = {50},
        pages = {50},
          doi = {10.3847/0004-637X/826/1/50},
archivePrefix = {arXiv},
       eprint = {1605.04907},
 primaryClass = {astro-ph.GA},
       adsurl = {https://ui.adsabs.harvard.edu/abs/2016ApJ...826...50B},
      adsnote = {Provided by the SAO/NASA Astrophysics Data System}
}

@ARTICLE{RauchHaehnelt2011,
       author = {{Rauch}, Michael and {Haehnelt}, Martin G.},
        title = "{Faint resonantly scattered Ly{\ensuremath{\alpha}} emission from the absorption troughs of damped Ly{\ensuremath{\alpha}} systems at z̃ 3}",
      journal = {\mnras},
     keywords = {line: profiles, radiative transfer, galaxies: dwarf, galaxies: formation, galaxies: high-redshift, quasars: absorption lines, Astrophysics - Cosmology and Nongalactic Astrophysics},
         year = "2011",
        month = "Mar",
       volume = {412},
       number = {1},
        pages = {L55-L57},
          doi = {10.1111/j.1745-3933.2010.01004.x},
archivePrefix = {arXiv},
       eprint = {1011.4061},
 primaryClass = {astro-ph.CO},
       adsurl = {https://ui.adsabs.harvard.edu/abs/2011MNRAS.412L..55R},
      adsnote = {Provided by the SAO/NASA Astrophysics Data System}
}

@ARTICLE{Rubin2015,
       author = {{Rubin}, Kate H.~R. and {Hennawi}, Joseph F. and {Prochaska}, J. Xavier and
         {Simcoe}, Robert A. and {Myers}, Adam and {Lau}, Marie Wingyee},
        title = "{Dissecting the Gaseous Halos of z ̃ Damped Ly{\ensuremath{\alpha}} Systems with Close Quasar Pairs}",
      journal = {\apj},
     keywords = {galaxies: halos, galaxies: ISM, quasars: absorption lines, Astrophysics - Astrophysics of Galaxies, Astrophysics - Cosmology and Nongalactic Astrophysics},
         year = "2015",
        month = "Jul",
       volume = {808},
       number = {1},
          eid = {38},
        pages = {38},
          doi = {10.1088/0004-637X/808/1/38},
archivePrefix = {arXiv},
       eprint = {1411.6016},
 primaryClass = {astro-ph.GA},
       adsurl = {https://ui.adsabs.harvard.edu/abs/2015ApJ...808...38R},
      adsnote = {Provided by the SAO/NASA Astrophysics Data System}
}

@ARTICLE{Arrigoni-Battaia2016,
       author = {{Arrigoni Battaia}, Fabrizio and {Hennawi}, Joseph F. and
         {Cantalupo}, Sebastiano and {Prochaska}, J. Xavier},
        title = "{The Stacked LY{\ensuremath{\alpha}} Emission Profile from the Circum-Galactic Medium of z ̃ 2 Quasars}",
      journal = {\apj},
     keywords = {galaxies: evolution, galaxies: formation, galaxies: halos, galaxies: high-redshift, intergalactic medium, quasars: emission lines, Astrophysics - Cosmology and Nongalactic Astrophysics, Astrophysics - Astrophysics of Galaxies},
         year = "2016",
        month = "Sep",
       volume = {829},
       number = {1},
          eid = {3},
        pages = {3},
          doi = {10.3847/0004-637X/829/1/3},
archivePrefix = {arXiv},
       eprint = {1604.02942},
 primaryClass = {astro-ph.CO},
       adsurl = {https://ui.adsabs.harvard.edu/abs/2016ApJ...829....3A},
      adsnote = {Provided by the SAO/NASA Astrophysics Data System}
}

@ARTICLE{Cantalupo2014,
       author = {{Cantalupo}, Sebastiano and {Arrigoni-Battaia}, Fabrizio and
         {Prochaska}, J. Xavier and {Hennawi}, Joseph F. and {Madau}, Piero},
        title = "{A cosmic web filament revealed in Lyman-{\ensuremath{\alpha}} emission around a luminous high-redshift quasar}",
      journal = {\nat},
     keywords = {Astrophysics - Cosmology and Nongalactic Astrophysics, Astrophysics - Astrophysics of Galaxies},
         year = "2014",
        month = "Feb",
       volume = {506},
       number = {7486},
        pages = {63-66},
          doi = {10.1038/nature12898},
archivePrefix = {arXiv},
       eprint = {1401.4469},
 primaryClass = {astro-ph.CO},
       adsurl = {https://ui.adsabs.harvard.edu/abs/2014Natur.506...63C},
      adsnote = {Provided by the SAO/NASA Astrophysics Data System}
}

@ARTICLE{Cantalupo2019,
       author = {{Cantalupo}, Sebastiano and {Pezzulli}, Gabriele and {Lilly}, Simon J. and
         {Marino}, Raffaella Anna and {Gallego}, Sofia G. and {Schaye}, Joop and
         {Bacon}, Roland and {Feltre}, Anna and {Kollatschny}, Wolfram and
         {Nanayakkara}, Themiya and {Richard}, Johan and {Wendt}, Martin and
         {Wisotzki}, Lutz and {Prochaska}, J. Xavier},
        title = "{The large- and small-scale properties of the intergalactic gas in the Slug Ly {\ensuremath{\alpha}} nebula revealed by MUSE He II emission observations}",
      journal = {\mnras},
     keywords = {galaxies: haloes, galaxies: high-redshift, intergalactic medium, quasars: emission lines, cosmology: observations, Astrophysics - Astrophysics of Galaxies, Astrophysics - Cosmology and Nongalactic Astrophysics},
         year = "2019",
        month = "Mar",
       volume = {483},
       number = {4},
        pages = {5188-5204},
          doi = {10.1093/mnras/sty3481},
archivePrefix = {arXiv},
       eprint = {1811.11783},
 primaryClass = {astro-ph.GA},
       adsurl = {https://ui.adsabs.harvard.edu/abs/2019MNRAS.483.5188C},
      adsnote = {Provided by the SAO/NASA Astrophysics Data System}
}

@ARTICLE{Prescott2015,
       author = {{Prescott}, Moire K.~M. and {Martin}, Crystal L. and {Dey}, Arjun},
        title = "{Spatially Resolved Gas Kinematics within a Ly{\ensuremath{\alpha}} Nebula: Evidence for Large-scale Rotation}",
      journal = {\apj},
     keywords = {galaxies: evolution, galaxies: formation, galaxies: high-redshift, Astrophysics - Astrophysics of Galaxies, Astrophysics - Cosmology and Nongalactic Astrophysics},
         year = "2015",
        month = "Jan",
       volume = {799},
       number = {1},
          eid = {62},
        pages = {62},
          doi = {10.1088/0004-637X/799/1/62},
archivePrefix = {arXiv},
       eprint = {1411.2589},
 primaryClass = {astro-ph.GA},
       adsurl = {https://ui.adsabs.harvard.edu/abs/2015ApJ...799...62P},
      adsnote = {Provided by the SAO/NASA Astrophysics Data System}
}


@ARTICLE{Cai2018,
       author = {{Cai}, Zheng and {Hamden}, Erika and {Matuszewski}, Matt and
         {Prochaska}, J. Xavier and {Li}, Qiong and {Cantalupo}, Sebastiano and
         {Arrigoni Battaia}, Fabrizio and {Martin}, Christopher and
         {Neill}, James D. and {O'Sullivan}, Donal and {Wang}, Ran and
         {Moore}, Anna and {Morrissey}, Patrick},
        title = "{Keck/Palomar Cosmic Web Imagers Reveal an Enormous Ly{\ensuremath{\alpha}} Nebula in an Extremely Overdense Quasi-stellar Object Pair Field at z = 2.45}",
      journal = {\apjl},
     keywords = {galaxies: halos, galaxies: high-redshift, intergalactic medium, quasars: emission lines, Astrophysics - Astrophysics of Galaxies},
         year = "2018",
        month = "Jul",
       volume = {861},
       number = {1},
          eid = {L3},
        pages = {L3},
          doi = {10.3847/2041-8213/aacce6},
archivePrefix = {arXiv},
       eprint = {1803.10781},
 primaryClass = {astro-ph.GA},
       adsurl = {https://ui.adsabs.harvard.edu/abs/2018ApJ...861L...3C},
      adsnote = {Provided by the SAO/NASA Astrophysics Data System}
}

@ARTICLE{Heckman2015,
       author = {{Heckman}, Timothy M. and {Alexandroff}, Rachel M. and
         {Borthakur}, Sanchayeeta and {Overzier}, Roderik and {Leitherer}, Claus},
        title = "{The Systematic Properties of the Warm Phase of Starburst-Driven Galactic Winds}",
      journal = {\apj},
     keywords = {galaxies: evolution, galaxies: ISM, galaxies: kinematics and dynamics, galaxies: starburst, intergalactic medium, Astrophysics - Astrophysics of Galaxies},
         year = "2015",
        month = "Aug",
       volume = {809},
       number = {2},
          eid = {147},
        pages = {147},
          doi = {10.1088/0004-637X/809/2/147},
archivePrefix = {arXiv},
       eprint = {1507.05622},
 primaryClass = {astro-ph.GA},
       adsurl = {https://ui.adsabs.harvard.edu/abs/2015ApJ...809..147H},
      adsnote = {Provided by the SAO/NASA Astrophysics Data System}
}

@ARTICLE{Steidel2010,
       author = {{Steidel}, Charles C. and {Erb}, Dawn K. and {Shapley}, Alice E. and
         {Pettini}, Max and {Reddy}, Naveen and {Bogosavljevi{\'c}}, Milan and
         {Rudie}, Gwen C. and {Rakic}, Olivera},
        title = "{The Structure and Kinematics of the Circumgalactic Medium from Far-ultraviolet Spectra of z \raisebox{-0.5ex}\textasciitilde= 2-3 Galaxies}",
      journal = {\apj},
     keywords = {cosmology: observations, galaxies: evolution, galaxies: high-redshift, Astrophysics - Cosmology and Nongalactic Astrophysics, Astrophysics - Astrophysics of Galaxies},
         year = "2010",
        month = "Jul",
       volume = {717},
       number = {1},
        pages = {289-322},
          doi = {10.1088/0004-637X/717/1/289},
archivePrefix = {arXiv},
       eprint = {1003.0679},
 primaryClass = {astro-ph.CO},
       adsurl = {https://ui.adsabs.harvard.edu/abs/2010ApJ...717..289S},
      adsnote = {Provided by the SAO/NASA Astrophysics Data System}
}


@ARTICLE{SomervilleDave2015,
       author = {{Somerville}, Rachel S. and {Dav{\'e}}, Romeel},
        title = "{Physical Models of Galaxy Formation in a Cosmological Framework}",
      journal = {\araa},
     keywords = {Astrophysics - Astrophysics of Galaxies},
         year = "2015",
        month = "Aug",
       volume = {53},
        pages = {51-113},
          doi = {10.1146/annurev-astro-082812-140951},
archivePrefix = {arXiv},
       eprint = {1412.2712},
 primaryClass = {astro-ph.GA},
       adsurl = {https://ui.adsabs.harvard.edu/abs/2015ARA&A..53...51S},
      adsnote = {Provided by the SAO/NASA Astrophysics Data System}
}

@ARTICLE{Planck2016,
       author = {{Planck Collaboration} and {Ade}, P.~A.~R. and {Aghanim}, N. and
        {Arnaud}, M. and {Ashdown}, M. and {Aumont}, J. and
        {Baccigalupi}, C. and {Banday}, A.~J. and {Barreiro}, R.~B. and
        {Bartlett}, J.~G. and {Bartolo}, N. and {Battaner}, E. and
        {Battye}, R. and {Benabed}, K. and {Beno{\^\i}t}, A. and
        {Benoit-L{\'e}vy}, A. and {Bernard}, J. -P. and {Bersanelli}, M.
        and {Bielewicz}, P. and {Bock}, J.~J. and {Bonaldi}, A. and
        {Bonavera}, L. and {Bond}, J.~R. and {Borrill}, J. and
        {Bouchet}, F.~R. and {Boulanger}, F. and {Bucher}, M. and
        {Burigana}, C. and {Butler}, R.~C. and {Calabrese}, E. and
        {Cardoso}, J. -F. and {Catalano}, A. and {Challinor}, A. and
        {Chamballu}, A. and {Chary}, R. -R. and {Chiang}, H.~C. and
        {Chluba}, J. and {Christensen}, P.~R. and {Church}, S. and
        {Clements}, D.~L. and {Colombi}, S. and {Colombo}, L.~P.~L. and
        {Combet}, C. and {Coulais}, A. and {Crill}, B.~P. and {Curto},
        A. and {Cuttaia}, F. and {Danese}, L. and {Davies}, R.~D. and
        {Davis}, R.~J. and {de Bernardis}, P. and {de Rosa}, A. and {de
        Zotti}, G. and {Delabrouille}, J. and {D{\'e}sert}, F. -X. and
        {Di Valentino}, E. and {Dickinson}, C. and {Diego}, J.~M. and
        {Dolag}, K. and {Dole}, H. and {Donzelli}, S. and {Dor{\'e}}, O.
        and {Douspis}, M. and {Ducout}, A. and {Dunkley}, J. and
        {Dupac}, X. and {Efstathiou}, G. and {Elsner}, F. and
        {En{\ss}lin}, T.~A. and {Eriksen}, H.~K. and {Farhang}, M. and
        {Fergusson}, J. and {Finelli}, F. and {Forni}, O. and {Frailis},
        M. and {Fraisse}, A.~A. and {Franceschi}, E. and {Frejsel}, A.
        and {Galeotta}, S. and {Galli}, S. and {Ganga}, K. and
        {Gauthier}, C. and {Gerbino}, M. and {Ghosh}, T. and {Giard}, M.
        and {Giraud-H{\'e}raud}, Y. and {Giusarma}, E. and {Gjerl{\o}w},
        E. and {Gonz{\'a}lez-Nuevo}, J. and {G{\'o}rski}, K.~M. and
        {Gratton}, S. and {Gregorio}, A. and {Gruppuso}, A. and
        {Gudmundsson}, J.~E. and {Hamann}, J. and {Hansen}, F.~K. and
        {Hanson}, D. and {Harrison}, D.~L. and {Helou}, G. and {Henrot-
        Versill{\'e}}, S. and {Hern{\'a}ndez-Monteagudo}, C. and
        {Herranz}, D. and {Hildebrandt}, S.~R. and {Hivon}, E. and
        {Hobson}, M. and {Holmes}, W.~A. and {Hornstrup}, A. and
        {Hovest}, W. and {Huang}, Z. and {Huffenberger}, K.~M. and
        {Hurier}, G. and {Jaffe}, A.~H. and {Jaffe}, T.~R. and {Jones},
        W.~C. and {Juvela}, M. and {Keih{\"a}nen}, E. and {Keskitalo},
        R. and {Kisner}, T.~S. and {Kneissl}, R. and {Knoche}, J. and
        {Knox}, L. and {Kunz}, M. and {Kurki-Suonio}, H. and {Lagache},
        G. and {L{\"a}hteenm{\"a}ki}, A. and {Lamarre}, J. -M. and
        {Lasenby}, A. and {Lattanzi}, M. and {Lawrence}, C.~R. and
        {Leahy}, J.~P. and {Leonardi}, R. and {Lesgourgues}, J. and
        {Levrier}, F. and {Lewis}, A. and {Liguori}, M. and {Lilje},
        P.~B. and {Linden-V{\o}rnle}, M. and {L{\'o}pez-Caniego}, M. and
        {Lubin}, P.~M. and {Mac{\'\i}as-P{\'e}rez}, J.~F. and {Maggio},
        G. and {Maino}, D. and {Mandolesi}, N. and {Mangilli}, A. and
        {Marchini}, A. and {Maris}, M. and {Martin}, P.~G. and
        {Martinelli}, M. and {Mart{\'\i}nez-Gonz{\'a}lez}, E. and
        {Masi}, S. and {Matarrese}, S. and {McGehee}, P. and {Meinhold},
        P.~R. and {Melchiorri}, A. and {Melin}, J. -B. and {Mendes}, L.
        and {Mennella}, A. and {Migliaccio}, M. and {Millea}, M. and
        {Mitra}, S. and {Miville-Desch{\^e}nes}, M. -A. and {Moneti}, A.
        and {Montier}, L. and {Morgante}, G. and {Mortlock}, D. and
        {Moss}, A. and {Munshi}, D. and {Murphy}, J.~A. and {Naselsky},
        P. and {Nati}, F. and {Natoli}, P. and {Netterfield}, C.~B. and
        {N{\o}rgaard-Nielsen}, H.~U. and {Noviello}, F. and {Novikov},
        D. and {Novikov}, I. and {Oxborrow}, C.~A. and {Paci}, F. and
        {Pagano}, L. and {Pajot}, F. and {Paladini}, R. and {Paoletti},
        D. and {Partridge}, B. and {Pasian}, F. and {Patanchon}, G. and
        {Pearson}, T.~J. and {Perdereau}, O. and {Perotto}, L. and
        {Perrotta}, F. and {Pettorino}, V. and {Piacentini}, F. and
        {Piat}, M. and {Pierpaoli}, E. and {Pietrobon}, D. and
        {Plaszczynski}, S. and {Pointecouteau}, E. and {Polenta}, G. and
        {Popa}, L. and {Pratt}, G.~W. and {Pr{\'e}zeau}, G. and
        {Prunet}, S. and {Puget}, J. -L. and {Rachen}, J.~P. and
        {Reach}, W.~T. and {Rebolo}, R. and {Reinecke}, M. and
        {Remazeilles}, M. and {Renault}, C. and {Renzi}, A. and
        {Ristorcelli}, I. and {Rocha}, G. and {Rosset}, C. and
        {Rossetti}, M. and {Roudier}, G. and {Rouill{\'e} d'Orfeuil}, B.
        and {Rowan-Robinson}, M. and {Rubi{\~n}o-Mart{\'\i}n}, J.~A. and
        {Rusholme}, B. and {Said}, N. and {Salvatelli}, V. and
        {Salvati}, L. and {Sandri}, M. and {Santos}, D. and
        {Savelainen}, M. and {Savini}, G. and {Scott}, D. and
        {Seiffert}, M.~D. and {Serra}, P. and {Shellard}, E.~P.~S. and
        {Spencer}, L.~D. and {Spinelli}, M. and {Stolyarov}, V. and
        {Stompor}, R. and {Sudiwala}, R. and {Sunyaev}, R. and {Sutton},
        D. and {Suur-Uski}, A. -S. and {Sygnet}, J. -F. and {Tauber},
        J.~A. and {Terenzi}, L. and {Toffolatti}, L. and {Tomasi}, M.
        and {Tristram}, M. and {Trombetti}, T. and {Tucci}, M. and
        {Tuovinen}, J. and {T{\"u}rler}, M. and {Umana}, G. and
        {Valenziano}, L. and {Valiviita}, J. and {Van Tent}, F. and
        {Vielva}, P. and {Villa}, F. and {Wade}, L.~A. and {Wandelt},
        B.~D. and {Wehus}, I.~K. and {White}, M. and {White}, S.~D.~M.
        and {Wilkinson}, A. and {Yvon}, D. and {Zacchei}, A. and
        {Zonca}, A.},
        title = "{Planck 2015 results. XIII. Cosmological parameters}",
      journal = {\aap},
     keywords = {cosmology: observations, cosmology: theory, cosmic background radiation, cosmological parameters, Astrophysics - Cosmology and Nongalactic Astrophysics},
         year = 2016,
        month = Sep,
       volume = {594},
          eid = {A13},
        pages = {A13},
          doi = {10.1051/0004-6361/201525830},
archivePrefix = {arXiv},
       eprint = {1502.01589},
 primaryClass = {astro-ph.CO},
       adsurl = {https://ui.adsabs.harvard.edu/\#abs/2016A&A...594A..13P},
      adsnote = {Provided by the SAO/NASA Astrophysics Data System}
}

@ARTICLE{Ferland2013,
       author = {{Ferland}, G.~J. and {Porter}, R.~L. and {van Hoof}, P.~A.~M. and
         {Williams}, R.~J.~R. and {Abel}, N.~P. and {Lykins}, M.~L. and
         {Shaw}, G. and {Henney}, W.~J. and {Stancil}, P.~C.},
        title = "{The 2013 Release of Cloudy}",
      journal = {\rmxaa},
     keywords = {atomic processes, galaxies: active, methods: numerical, molecular processes, radiation mechanisms: general, Astrophysics - Galaxy Astrophysics, Astrophysics - Cosmology and Extragalactic Astrophysics, Astrophysics - Instrumentation and Methods for Astrophysics},
         year = "2013",
        month = "Apr",
       volume = {49},
        pages = {137-163},
archivePrefix = {arXiv},
       eprint = {1302.4485},
 primaryClass = {astro-ph.GA},
       adsurl = {https://ui.adsabs.harvard.edu/abs/2013RMxAA..49..137F},
      adsnote = {Provided by the SAO/NASA Astrophysics Data System}
}

@ARTICLE{2010ApJ...714..320A,
       author = {{Anderson}, Michael E. and {Bregman}, Joel N.},
        title = "{Do Hot Halos Around Galaxies Contain the Missing Baryons?}",
      journal = {\apj},
     keywords = {galaxies: formation, galaxies: ISM, Galaxy: general, Astrophysics - Cosmology and Extragalactic Astrophysics},
         year = "2010",
        month = "May",
       volume = {714},
       number = {1},
        pages = {320-331},
          doi = {10.1088/0004-637X/714/1/320},
archivePrefix = {arXiv},
       eprint = {1003.3273},
 primaryClass = {astro-ph.CO},
       adsurl = {https://ui.adsabs.harvard.edu/abs/2010ApJ...714..320A},
      adsnote = {Provided by the SAO/NASA Astrophysics Data System}
}

@ARTICLE{AndersonBregman2010,
       author = {{Anderson}, Michael E. and {Bregman}, Joel N.},
        title = "{Do Hot Halos Around Galaxies Contain the Missing Baryons?}",
      journal = {\apj},
     keywords = {galaxies: formation, galaxies: ISM, Galaxy: general, Astrophysics - Cosmology and Extragalactic Astrophysics},
         year = "2010",
        month = "May",
       volume = {714},
       number = {1},
        pages = {320-331},
          doi = {10.1088/0004-637X/714/1/320},
archivePrefix = {arXiv},
       eprint = {1003.3273},
 primaryClass = {astro-ph.CO},
       adsurl = {https://ui.adsabs.harvard.edu/abs/2010ApJ...714..320A},
      adsnote = {Provided by the SAO/NASA Astrophysics Data System}
}

@ARTICLE{McCarthy1990a,
       author = {{McCarthy}, Patrick J. and {Spinrad}, Hyron and {van Breugel}, Wil and
         {Liebert}, James and {Dickinson}, Mark and {Djorgovski}, S. and
         {Eisenhardt}, Peter},
        title = "{Extended LY alpha Emission Associated with 3C 294}",
      journal = {\apj},
     keywords = {Galactic Evolution, Galactic Radiation, Lyman Alpha Radiation, Radio Galaxies, Red Shift, Emission Spectra, Ionized Gases, Line Spectra, Astrophysics, GALAXIES: EVOLUTION, GALAXIES: INDIVIDUAL ALPHANUMERIC: 3C 294, GALAXIES: REDSHIFTS, RADIO SOURCES: GALAXIES},
         year = "1990",
        month = "Dec",
       volume = {365},
        pages = {487},
          doi = {10.1086/169503},
       adsurl = {https://ui.adsabs.harvard.edu/abs/1990ApJ...365..487M},
      adsnote = {Provided by the SAO/NASA Astrophysics Data System}
}

@ARTICLE{Reuland2003b,
       author = {{Reuland}, Michiel and {van Breugel}, Wil and {R{\"o}ttgering}, Huub and
         {de Vries}, Wim and {Stanford}, S.~A. and {Dey}, Arjun and
         {Lacy}, Mark and {Bland-Hawthorn}, Joss and {Dopita}, Michael and
         {Miley}, George},
        title = "{Giant Ly{\ensuremath{\alpha}} Nebulae Associated with High-Redshift Radio Galaxies}",
      journal = {\apj},
     keywords = {Galaxies: Formation, Galaxies: High-Redshift, Galaxies: Quasars: Emission Lines, Stars: Formation, Astrophysics},
         year = "2003",
        month = "Aug",
       volume = {592},
       number = {2},
        pages = {755-766},
          doi = {10.1086/375619},
archivePrefix = {arXiv},
       eprint = {astro-ph/0303637},
 primaryClass = {astro-ph},
       adsurl = {https://ui.adsabs.harvard.edu/abs/2003ApJ...592..755R},
      adsnote = {Provided by the SAO/NASA Astrophysics Data System}
}

@ARTICLE{McCarthy1996,
       author = {{McCarthy}, Patrick J. and {Baum}, Stefi A. and {Spinrad}, Hyron},
        title = "{Emission-Line Properties of 3CR Radio Galaxies. II. Velocity Fields in the Extended Emission Lines}",
      journal = {\apjs},
     keywords = {GALAXIES: KINEMATICS AND DYNAMICS, RADIO LINES: GALAXIES},
         year = "1996",
        month = "Oct",
       volume = {106},
        pages = {281},
          doi = {10.1086/192339},
       adsurl = {https://ui.adsabs.harvard.edu/abs/1996ApJS..106..281M},
      adsnote = {Provided by the SAO/NASA Astrophysics Data System}
}

@ARTICLE{Villar-Martin1999a,
       author = {{Villar-Mart{\'\i}n}, M. and {Binette}, L. and {Fosbury}, R.~A.~E.},
        title = "{The nature of the extreme kinematics in the extended gas of high redshift radio galaxies}",
      journal = {\aap},
     keywords = {GALAXIES: ACTIVE, GALAXIES: ISM, GALAXIES: KINEMATICS AND DYNAMICS, COSMOLOGY: OBSERVATIONS, RADIO CONTINUUM: GALAXIES, ULTRAVIOLET: GALAXIES, Astrophysics},
         year = "1999",
        month = "Jun",
       volume = {346},
        pages = {7-12},
archivePrefix = {arXiv},
       eprint = {astro-ph/9903122},
 primaryClass = {astro-ph},
       adsurl = {https://ui.adsabs.harvard.edu/abs/1999A&A...346....7V},
      adsnote = {Provided by the SAO/NASA Astrophysics Data System}
}

@ARTICLE{Torrey2019,
       author = {{Torrey}, Paul and {Vogelsberger}, Mark and {Marinacci}, Federico and
         {Pakmor}, R{\"u}diger and {Springel}, Volker and {Nelson}, Dylan and
         {Naiman}, Jill and {Pillepich}, Annalisa and {Genel}, Shy and
         {Weinberger}, Rainer and {Hernquist}, Lars},
        title = "{The evolution of the mass-metallicity relation and its scatter in IllustrisTNG}",
      journal = {Monthly Notices of the Royal Astronomical Society},
     keywords = {methods: numerical, galaxies: evolution, galaxies: general, Astrophysics - Astrophysics of Galaxies},
         year = "2019",
        month = "Apr",
       volume = {484},
       number = {4},
        pages = {5587-5607},
          doi = {10.1093/mnras/stz243},
archivePrefix = {arXiv},
       eprint = {1711.05261},
 primaryClass = {astro-ph.GA},
       adsurl = {https://ui.adsabs.harvard.edu/abs/2019MNRAS.484.5587T},
      adsnote = {Provided by the SAO/NASA Astrophysics Data System}
}

@ARTICLE{Dave2001,
       author = {{Dav{\'e}}, Romeel and {Cen}, Renyue and {Ostriker}, Jeremiah P. and
         {Bryan}, Greg L. and {Hernquist}, Lars and {Katz}, Neal and
         {Weinberg}, David H. and {Norman}, Michael L. and {O'Shea}, Brian},
        title = "{Baryons in the Warm-Hot Intergalactic Medium}",
      journal = {The Astrophysical Journal},
     keywords = {Cosmology: Observations, Galaxies: Intergalactic Medium, Cosmology: Large-Scale Structure of Universe, Methods: Numerical, Astrophysics},
         year = "2001",
        month = "May",
       volume = {552},
       number = {2},
        pages = {473-483},
          doi = {10.1086/320548},
archivePrefix = {arXiv},
       eprint = {astro-ph/0007217},
 primaryClass = {astro-ph},
       adsurl = {https://ui.adsabs.harvard.edu/abs/2001ApJ...552..473D},
      adsnote = {Provided by the SAO/NASA Astrophysics Data System}
}

@ARTICLE{Haider2016,
       author = {{Haider}, M. and {Steinhauser}, D. and {Vogelsberger}, M. and
         {Genel}, S. and {Springel}, V. and {Torrey}, P. and {Hernquist}, L.},
        title = "{Large-scale mass distribution in the Illustris simulation}",
      journal = {Monthly Notices of the Royal Astronomical Society},
     keywords = {galaxies: haloes, dark matter, large-scale structure of Universe, Astrophysics - Cosmology and Nongalactic Astrophysics, Astrophysics - Astrophysics of Galaxies},
         year = "2016",
        month = "Apr",
       volume = {457},
       number = {3},
        pages = {3024-3035},
          doi = {10.1093/mnras/stw077},
archivePrefix = {arXiv},
       eprint = {1508.01525},
 primaryClass = {astro-ph.CO},
       adsurl = {https://ui.adsabs.harvard.edu/abs/2016MNRAS.457.3024H},
      adsnote = {Provided by the SAO/NASA Astrophysics Data System}
}

@ARTICLE{Werk2014,
       author = {{Werk}, Jessica K. and {Prochaska}, J. Xavier and {Tumlinson}, Jason and
         {Peeples}, Molly S. and {Tripp}, Todd M. and {Fox}, Andrew J. and
         {Lehner}, Nicolas and {Thom}, Christopher and {O'Meara}, John M. and
         {Ford}, Amanda Brady and {Bordoloi}, Rongmon and {Katz}, Neal and
         {Tejos}, Nicolas and {Oppenheimer}, Benjamin D. and {Dav{\'e}}, Romeel and
         {Weinberg}, David H.},
        title = "{The COS-Halos Survey: Physical Conditions and Baryonic Mass in the Low-redshift Circumgalactic Medium}",
      journal = {The Astrophysical Journal},
     keywords = {galaxies: formation, galaxies: halos, intergalactic medium, quasars: absorption lines, Astrophysics - Cosmology and Nongalactic Astrophysics},
         year = "2014",
        month = "Sep",
       volume = {792},
       number = {1},
          eid = {8},
        pages = {8},
          doi = {10.1088/0004-637X/792/1/8},
archivePrefix = {arXiv},
       eprint = {1403.0947},
 primaryClass = {astro-ph.CO},
       adsurl = {https://ui.adsabs.harvard.edu/abs/2014ApJ...792....8W},
      adsnote = {Provided by the SAO/NASA Astrophysics Data System}
}

@ARTICLE{ZhuMenard2013a,
       author = {{Zhu}, Guangtun and {M{\'e}nard}, Brice},
        title = "{The JHU-SDSS Metal Absorption Line Catalog: Redshift Evolution and Properties of Mg II Absorbers}",
      journal = {The Astrophysical Journal},
     keywords = {galaxies: evolution, galaxies: halos, intergalactic medium, quasars: absorption lines, Astrophysics - Cosmology and Nongalactic Astrophysics, Astrophysics - Instrumentation and Methods for Astrophysics},
         year = "2013",
        month = "Jun",
       volume = {770},
       number = {2},
          eid = {130},
        pages = {130},
          doi = {10.1088/0004-637X/770/2/130},
archivePrefix = {arXiv},
       eprint = {1211.6215},
 primaryClass = {astro-ph.CO},
       adsurl = {https://ui.adsabs.harvard.edu/abs/2013ApJ...770..130Z},
      adsnote = {Provided by the SAO/NASA Astrophysics Data System}
}

@ARTICLE{Tumlinson2011,
       author = {{Tumlinson}, J. and {Thom}, C. and {Werk}, J.~K. and {Prochaska}, J.~X. and
         {Tripp}, T.~M. and {Weinberg}, D.~H. and {Peeples}, M.~S. and
         {O'Meara}, J.~M. and {Oppenheimer}, B.~D. and {Meiring}, J.~D. and
         {Katz}, N.~S. and {Dav{\'e}}, R. and {Ford}, A.~B. and {Sembach}, K.~R.},
        title = "{The Large, Oxygen-Rich Halos of Star-Forming Galaxies Are a Major Reservoir of Galactic Metals}",
      journal = {Science},
     keywords = {ASTRONOMY, Astrophysics - Cosmology and Nongalactic Astrophysics},
         year = "2011",
        month = "Nov",
       volume = {334},
       number = {6058},
        pages = {948},
          doi = {10.1126/science.1209840},
archivePrefix = {arXiv},
       eprint = {1111.3980},
 primaryClass = {astro-ph.CO},
       adsurl = {https://ui.adsabs.harvard.edu/abs/2011Sci...334..948T},
      adsnote = {Provided by the SAO/NASA Astrophysics Data System}
}

@ARTICLE{Peeples2014,
       author = {{Peeples}, Molly S. and {Werk}, Jessica K. and {Tumlinson}, Jason and
         {Oppenheimer}, Benjamin D. and {Prochaska}, J. Xavier and {Katz}, Neal and
         {Weinberg}, David H.},
        title = "{A Budget and Accounting of Metals at z \raisebox{-0.5ex}\textasciitilde 0: Results from the COS-Halos Survey}",
      journal = {The Astrophysical Journal},
     keywords = {galaxies: abundances, galaxies: halos, galaxies: ISM, galaxies: stellar content, intergalactic medium, quasars: absorption lines, Astrophysics - Cosmology and Nongalactic Astrophysics},
         year = "2014",
        month = "May",
       volume = {786},
       number = {1},
          eid = {54},
        pages = {54},
          doi = {10.1088/0004-637X/786/1/54},
archivePrefix = {arXiv},
       eprint = {1310.2253},
 primaryClass = {astro-ph.CO},
       adsurl = {https://ui.adsabs.harvard.edu/abs/2014ApJ...786...54P},
      adsnote = {Provided by the SAO/NASA Astrophysics Data System}
}

@ARTICLE{Menard2010,
       author = {{M{\'e}nard}, Brice and {Scranton}, Ryan and {Fukugita}, Masataka and
         {Richards}, Gordon},
        title = "{Measuring the galaxy-mass and galaxy-dust correlations through magnification and reddening}",
      journal = {Monthly Notices of the Royal Astronomical Society},
     keywords = {gravitational lensing: weak, dust, extinction, dark matter, Astrophysics - Cosmology and Nongalactic Astrophysics, Astrophysics - Astrophysics of Galaxies},
         year = "2010",
        month = "Jun",
       volume = {405},
       number = {2},
        pages = {1025-1039},
          doi = {10.1111/j.1365-2966.2010.16486.x},
archivePrefix = {arXiv},
       eprint = {0902.4240},
 primaryClass = {astro-ph.CO},
       adsurl = {https://ui.adsabs.harvard.edu/abs/2010MNRAS.405.1025M},
      adsnote = {Provided by the SAO/NASA Astrophysics Data System}
}

@ARTICLE{Anderson2016,
       author = {{Anderson}, Michael E. and {Churazov}, Eugene and {Bregman}, Joel N.},
        title = "{A deep XMM-Newton study of the hot gaseous halo around NGC 1961}",
      journal = {Monthly Notices of the Royal Astronomical Society},
     keywords = {galaxies: haloes, galaxies: individual: NGC 1961, galaxies: spiral, X-rays: galaxies, Astrophysics - Astrophysics of Galaxies, Astrophysics - Cosmology and Nongalactic Astrophysics, Astrophysics - High Energy Astrophysical Phenomena},
         year = "2016",
        month = "Jan",
       volume = {455},
       number = {1},
        pages = {227-243},
          doi = {10.1093/mnras/stv2314},
archivePrefix = {arXiv},
       eprint = {1508.01514},
 primaryClass = {astro-ph.GA},
       adsurl = {https://ui.adsabs.harvard.edu/abs/2016MNRAS.455..227A},
      adsnote = {Provided by the SAO/NASA Astrophysics Data System}
}

@ARTICLE{Humphrey2006,
       author = {{Humphrey}, A. and {Villar-Mart{\'\i}n}, M. and {Fosbury}, R. and
         {Vernet}, J. and {di Serego Alighieri}, S.},
        title = "{Jet-gas interactions in z \raisebox{-0.5ex}\textasciitilde 2.5 radio galaxies: evolution of the ultraviolet line and continuum emission with radio morphology}",
      journal = {Monthly Notices of the Royal Astronomical Society},
     keywords = {polarization: galaxies: active: galaxies: high-redshift: galaxies: jets: ultraviolet: ISM, polarization, galaxies: active, galaxies: high-redshift, galaxies: jets, ultraviolet: ISM, Astrophysics},
         year = "2006",
        month = "Jul",
       volume = {369},
       number = {3},
        pages = {1103-1114},
          doi = {10.1111/j.1365-2966.2006.10224.x},
archivePrefix = {arXiv},
       eprint = {astro-ph/0602504},
 primaryClass = {astro-ph},
       adsurl = {https://ui.adsabs.harvard.edu/abs/2006MNRAS.369.1103H},
      adsnote = {Provided by the SAO/NASA Astrophysics Data System}
}

@ARTICLE{Villar-Martin2006,
       author = {{Villar-Mart{\'\i}n}, M. and {S{\'a}nchez}, S.~F. and {De Breuck}, C. and
         {Peletier}, R. and {Vernet}, J. and {Rettura}, A. and {Seymour}, N. and
         {Humphrey}, A. and {Stern}, D. and {di Serego Alighieri}, S. and
         {Fosbury}, R.},
        title = "{VIMOS-VLT and Spitzer observations of a radio galaxy at z= 2.5$^{*}$}",
      journal = {Monthly Notices of the Royal Astronomical Society},
     keywords = {galaxies: active, galaxies: evolution, galaxies: individual: MRC 2104-242, Astrophysics},
         year = "2006",
        month = "Feb",
       volume = {366},
       number = {1},
        pages = {L1-L5},
          doi = {10.1111/j.1745-3933.2005.00118.x},
archivePrefix = {arXiv},
       eprint = {astro-ph/0510733},
 primaryClass = {astro-ph},
       adsurl = {https://ui.adsabs.harvard.edu/abs/2006MNRAS.366L...1V},
      adsnote = {Provided by the SAO/NASA Astrophysics Data System}
}

@ARTICLE{Villar-Martin2003,
       author = {{Villar-Mart{\'\i}n}, M. and {Vernet}, J. and {di Serego Alighieri}, S. and
         {Fosbury}, R. and {Humphrey}, A. and {Pentericci}, L.},
        title = "{Kinematically quiet haloes around z\raisebox{-0.5ex}\textasciitilde 2.5 radio galaxies. Keck spectroscopy}",
      journal = {Monthly Notices of the Royal Astronomical Society},
     keywords = {galaxies: active, galaxies: formation, galaxies: high-redshift, early Universe, Astrophysics},
         year = "2003",
        month = "Nov",
       volume = {346},
       number = {1},
        pages = {273-294},
          doi = {10.1046/j.1365-2966.2003.07090.x},
archivePrefix = {arXiv},
       eprint = {astro-ph/0309012},
 primaryClass = {astro-ph},
       adsurl = {https://ui.adsabs.harvard.edu/abs/2003MNRAS.346..273V},
      adsnote = {Provided by the SAO/NASA Astrophysics Data System}
}

@ARTICLE{Swinbank2015,
       author = {{Swinbank}, A.~M. and {Vernet}, J.~D.~R. and {Smail}, Ian and
         {De Breuck}, C. and {Bacon}, R. and {Contini}, T. and {Richard}, J. and
         {R{\"o}ttgering}, H.~J.~A. and {Urrutia}, T. and {Venemans}, B.},
        title = "{Mapping the dynamics of a giant Ly {\ensuremath{\alpha}} halo at z = 4.1 with MUSE: the energetics of a large-scale AGN-driven outflow around a massive, high-redshift galaxy}",
      journal = {Monthly Notices of the Royal Astronomical Society},
     keywords = {galaxies: evolution, galaxies: high-redshift, Astrophysics - Astrophysics of Galaxies, Astrophysics - Cosmology and Nongalactic Astrophysics},
         year = "2015",
        month = "May",
       volume = {449},
       number = {2},
        pages = {1298-1308},
          doi = {10.1093/mnras/stv366},
archivePrefix = {arXiv},
       eprint = {1502.05998},
 primaryClass = {astro-ph.GA},
       adsurl = {https://ui.adsabs.harvard.edu/abs/2015MNRAS.449.1298S},
      adsnote = {Provided by the SAO/NASA Astrophysics Data System}
}

@ARTICLE{Gullberg2016a,
       author = {{Gullberg}, Bitten and {De Breuck}, Carlos and {Lehnert}, Matthew D. and
         {Vernet}, Jo{\"e}l and {Bacon}, Roland and {Drouart}, Guillaume and
         {Emonts}, Bjorn and {Galametz}, Audrey and {Ivison}, Rob and
         {Nesvadba}, Nicole P.~H. and {Richard}, Johan and {Seymour}, Nick and
         {Stern}, Daniel and {Wylezalek}, Dominika},
        title = "{The mysterious morphology of MRC0943-242 as revealed by ALMA and MUSE}",
      journal = {Astronomy and Astrophysics},
     keywords = {galaxies: evolution, galaxies: high-redshift, galaxies: active, galaxies: ISM, galaxies: halos, Astrophysics - Astrophysics of Galaxies},
         year = "2016",
        month = "Feb",
       volume = {586},
          eid = {A124},
        pages = {A124},
          doi = {10.1051/0004-6361/201526858},
archivePrefix = {arXiv},
       eprint = {1510.03442},
 primaryClass = {astro-ph.GA},
       adsurl = {https://ui.adsabs.harvard.edu/abs/2016A&A...586A.124G},
      adsnote = {Provided by the SAO/NASA Astrophysics Data System}
}

@ARTICLE{Wilman2004,
       author = {{Wilman}, R.~J. and {Jarvis}, M.~J. and {R{\"o}ttgering}, H.~J.~A. and
         {Binette}, L.},
        title = "{HI in the protocluster environment at z \&gt; 2: absorbing haloes and the Ly{\ensuremath{\alpha}} forest}",
      journal = {Monthly Notices of the Royal Astronomical Society},
     keywords = {galaxies: active: galaxies: haloes: galaxies: high-redshift: quasars: absorption lines: quasars: emission lines, Astrophysics},
         year = "2004",
        month = "Jul",
       volume = {351},
       number = {3},
        pages = {1109-1119},
          doi = {10.1111/j.1365-2966.2004.07857.x},
archivePrefix = {arXiv},
       eprint = {astro-ph/0403519},
 primaryClass = {astro-ph},
       adsurl = {https://ui.adsabs.harvard.edu/abs/2004MNRAS.351.1109W},
      adsnote = {Provided by the SAO/NASA Astrophysics Data System}
}

@ARTICLE{Silva2018,
       author = {{Silva}, M. and {Humphrey}, A. and {Lagos}, P. and
         {Villar-Mart{\'\i}n}, M. and {Morais}, S.~G. and
         {di Serego Alighieri}, S. and {Cimatti}, A. and {Fosbury}, R. and
         {Overzier}, R.~A. and {Vernet}, J. and {Binette}, L.},
        title = "{The MUSE 3D view of feedback in a high-metallicity radio galaxy at z = 2.9}",
      journal = {Monthly Notices of the Royal Astronomical Society},
     keywords = {galaxies: active, galaxies: evolution, galaxies: high-redshift, galaxies: individual: MRC 0943-242, galaxies: ISM, quasars: absorption lines, quasars: emission lines, Astrophysics - Astrophysics of Galaxies},
         year = "2018",
        month = "Mar",
       volume = {474},
       number = {3},
        pages = {3649-3672},
          doi = {10.1093/mnras/stx3019},
archivePrefix = {arXiv},
       eprint = {1711.10601},
 primaryClass = {astro-ph.GA},
       adsurl = {https://ui.adsabs.harvard.edu/abs/2018MNRAS.474.3649S},
      adsnote = {Provided by the SAO/NASA Astrophysics Data System}
}

@ARTICLE{Rottgering1995,
       author = {{Rottgering}, H.~J.~A. and {Hunstead}, R.~W. and {Miley}, G.~K. and
         {van Ojik}, R. and {Wieringa}, M.~H.},
        title = "{Spatially resolved Ly-alpha absorption in the z=2.9 radio galaxy 0943-242.}",
      journal = {Monthly Notices of the Royal Astronomical Society},
         year = "1995",
        month = "Nov",
       volume = {277},
        pages = {389-396},
          doi = {10.1093/mnras/277.2.389},
       adsurl = {https://ui.adsabs.harvard.edu/abs/1995MNRAS.277..389R},
      adsnote = {Provided by the SAO/NASA Astrophysics Data System}
}

@Article{VanOjik1997, 
author = {{van Ojik}, R. and {Roettgering}, H.~J.~A. and {Miley}, G.~K. and 
	{Hunstead}, R.~W.},
    title = "{The gaseous environments of radio galaxies in the early Universe: kinematics of the Lyman {$\alpha$} emission and spatially resolved H I absorption.}",
  journal = {\aap},
   eprint = {astro-ph/9608092},
 keywords = {GALAXIES: ACTIVE, GALAXIES: STARBURST, GALAXIES: ISM, COSMOLOGY: OBSERVATIONS, RADIO CONTINUUM: GALAXIES},
     year = 1997,
    month = jan,
   volume = 317,
    pages = {358-384},
   adsurl = {http://adsabs.harvard.edu/abs/1997A%26A...317..358V},
  adsnote = {Provided by the SAO/NASA Astrophysics Data System}
}

@ARTICLE{SolomonvandenBout2005,
       author = {{Solomon}, P.~M. and {Vanden Bout}, P.~A.},
        title = "{Molecular Gas at High Redshift}",
      journal = {Annual Review of Astronomy and Astrophysics},
     keywords = {Astrophysics},
         year = "2005",
        month = "Sep",
       volume = {43},
       number = {1},
        pages = {677-725},
          doi = {10.1146/annurev.astro.43.051804.102221},
archivePrefix = {arXiv},
       eprint = {astro-ph/0508481},
 primaryClass = {astro-ph},
       adsurl = {https://ui.adsabs.harvard.edu/abs/2005ARA&A..43..677S},
      adsnote = {Provided by the SAO/NASA Astrophysics Data System}
}

@ARTICLE{Ivison2008,
       author = {{Ivison}, R.~J. and {Morrison}, G.~E. and {Biggs}, A.~D. and
         {Smail}, Ian and {Willner}, S.~P. and {Gurwell}, M.~A. and
         {Greve}, T.~R. and {Stevens}, J.~A. and {Ashby}, M.~L.~N.},
        title = "{Interferometric imaging of the high-redshift radio galaxy, 4C60.07: an SMA, Spitzer and VLA study reveals a binary AGN/starburst}",
      journal = {Monthly Notices of the Royal Astronomical Society},
     keywords = {instrumentation: interferometers, techniques: interferometric, galaxies: formation, galaxies: starburst, submillimetre, Astrophysics},
         year = "2008",
        month = "Nov",
       volume = {390},
       number = {3},
        pages = {1117-1126},
          doi = {10.1111/j.1365-2966.2008.13811.x},
archivePrefix = {arXiv},
       eprint = {0808.2188},
 primaryClass = {astro-ph},
       adsurl = {https://ui.adsabs.harvard.edu/abs/2008MNRAS.390.1117I},
      adsnote = {Provided by the SAO/NASA Astrophysics Data System}
}

@ARTICLE{Scoville1997,
       author = {{Scoville}, N.~Z. and {Yun}, M.~S. and {Windhorst}, R.~A. and
         {Keel}, W.~C. and {Armus}, L.},
        title = "{CO J = 3--2 Emission in the Radio Galaxy 53W002 at it Z = 2.394}",
      journal = {The Astrophysical Journal},
     keywords = {GALAXIES: ACTIVE, GALAXIES: INDIVIDUAL ALPHANUMERIC: 53W002, ISM: MOLECULES, GALAXIES: FORMATION, Galaxies: Active, Galaxies: Formation, Galaxies: Individual: Alphanumeric: 53W002, ISM: Molecules, Astrophysics},
         year = "1997",
        month = "Aug",
       volume = {485},
       number = {1},
        pages = {L21-L24},
          doi = {10.1086/310807},
archivePrefix = {arXiv},
       eprint = {astro-ph/9706291},
 primaryClass = {astro-ph},
       adsurl = {https://ui.adsabs.harvard.edu/abs/1997ApJ...485L..21S},
      adsnote = {Provided by the SAO/NASA Astrophysics Data System}
}

@ARTICLE{Papadopoulos2000,
       author = {{Papadopoulos}, Padeli P. and {R{\"o}ttgering}, H.~J.~A. and
         {van der Werf}, P.~P. and {Guilloteau}, S. and {Omont}, A. and
         {van Breugel}, W.~J.~M. and {Tilanus}, R.~P.~J.},
        title = "{CO (4-3) and Dust Emission in Two Powerful High-Z Radio Galaxies, and CO Lines at High Redshifts}",
      journal = {The Astrophysical Journal},
     keywords = {GALAXIES: ACTIVE, GALAXIES: FORMATION, GALAXIES: INDIVIDUAL: ALPHANUMERIC: 4C 60.07, GALAXIES: INDIVIDUAL: ALPHANUMERIC: 6C 1909+722, GALAXIES: ISM, Galaxies: Active, Galaxies: Formation, Galaxies: Individual: Alphanumeric: 4C 60.07, Galaxies: Individual: Alphanumeric: 6C 1909+722, Galaxies: ISM, Astrophysics},
         year = "2000",
        month = "Jan",
       volume = {528},
       number = {2},
        pages = {626-636},
          doi = {10.1086/308215},
archivePrefix = {arXiv},
       eprint = {astro-ph/9908286},
 primaryClass = {astro-ph},
       adsurl = {https://ui.adsabs.harvard.edu/abs/2000ApJ...528..626P},
      adsnote = {Provided by the SAO/NASA Astrophysics Data System}
}

@ARTICLE{Klamer2005,
       author = {{Klamer}, I.~J. and {Ekers}, R.~D. and {Sadler}, E.~M. and {Weiss}, A. and
         {Hunstead}, R.~W. and {De Breuck}, C.},
        title = "{CO (1-0) and CO (5-4) Observations of the Most Distant Known Radio Galaxy at z=5.2}",
      journal = {The Astrophysical Journal},
     keywords = {Cosmology: Early Universe, Galaxies: Formation, Galaxies: High-Redshift, Galaxies: Individual: Alphanumeric: TN J0924-2201, Radio Lines: Galaxies, Astrophysics},
         year = "2005",
        month = "Mar",
       volume = {621},
       number = {1},
        pages = {L1-L4},
          doi = {10.1086/429147},
archivePrefix = {arXiv},
       eprint = {astro-ph/0501447},
 primaryClass = {astro-ph},
       adsurl = {https://ui.adsabs.harvard.edu/abs/2005ApJ...621L...1K},
      adsnote = {Provided by the SAO/NASA Astrophysics Data System}
}

@ARTICLE{deBreuck2003a,
       author = {{De Breuck}, C. and {Neri}, R. and {Morganti}, R. and {Omont}, A. and
         {Rocca-Volmerange}, B. and {Stern}, D. and {Reuland}, M. and
         {van Breugel}, W. and {R{\"o}ttgering}, H. and {Stanford}, S.~A. and
         {Spinrad}, H. and {Vigotti}, M. and {Wright}, M.},
        title = "{CO emission and associated H I absorption from a massive gas reservoir surrounding the z = 3 radio galaxy B3 J2330+3927}",
      journal = {Astronomy and Astrophysics},
     keywords = {galaxies: individual: B3 J2330+3927, galaxies: active, galaxies: formation, radio lines: galaxies, cosmology: observations, Astrophysics},
         year = "2003",
        month = "Apr",
       volume = {401},
        pages = {911-925},
          doi = {10.1051/0004-6361:20030171},
archivePrefix = {arXiv},
       eprint = {astro-ph/0302154},
 primaryClass = {astro-ph},
       adsurl = {https://ui.adsabs.harvard.edu/abs/2003A&A...401..911D},
      adsnote = {Provided by the SAO/NASA Astrophysics Data System}
}

@ARTICLE{Greve2004,
       author = {{Greve}, T.~R. and {Ivison}, R.~J. and {Papadopoulos}, P.~P.},
        title = "{Detection of CO J = 1-0 in the z = 3.79 radio galaxy 4C 60.07}",
      journal = {Astronomy and Astrophysics},
     keywords = {galaxies: individual: 4C 60.07, galaxies: active, galaxies: formation, galaxies: ISM, cosmology: observations, Astrophysics},
         year = "2004",
        month = "May",
       volume = {419},
        pages = {99-107},
          doi = {10.1051/0004-6361:20035788},
archivePrefix = {arXiv},
       eprint = {astro-ph/0402464},
 primaryClass = {astro-ph},
       adsurl = {https://ui.adsabs.harvard.edu/abs/2004A&A...419...99G},
      adsnote = {Provided by the SAO/NASA Astrophysics Data System}
}

@ARTICLE{Alloin2000,
       author = {{Alloin}, Danielle and {Barvainis}, Richard and {Guilloteau}, Stephane},
        title = "{New CO and Millimeter Continuum Observations of the Z = 2.394 Radio Galaxy 53W002}",
      journal = {The Astrophysical Journal},
     keywords = {GALAXIES: ACTIVE, GALAXIES: ISM, RADIO LINES: GALAXIES, Galaxies: Active, Galaxies: ISM, Radio Lines: Galaxies, Astrophysics},
         year = "2000",
        month = "Jan",
       volume = {528},
       number = {2},
        pages = {L81-L84},
          doi = {10.1086/312429},
archivePrefix = {arXiv},
       eprint = {astro-ph/9910196},
 primaryClass = {astro-ph},
       adsurl = {https://ui.adsabs.harvard.edu/abs/2000ApJ...528L..81A},
      adsnote = {Provided by the SAO/NASA Astrophysics Data System}
}

@ARTICLE{Emonts2014,
       author = {{Emonts}, B.~H.~C. and {Norris}, R.~P. and {Feain}, I. and {Mao}, M.~Y. and
         {Ekers}, R.~D. and {Miley}, G. and {Seymour}, N. and
         {R{\"o}ttgering}, H.~J.~A. and {Villar-Mart{\'\i}n}, M. and
         {Sadler}, E.~M. and {Carilli}, C.~L. and {Mahony}, E.~K. and
         {de Breuck}, C. and {Stroe}, A. and {Pentericci}, L. and
         {van Moorsel}, G.~A. and {Drouart}, G. and {Ivison}, R.~J. and
         {Greve}, T.~R. and {Humphrey}, A. and {Wylezalek}, D. and
         {Tadhunter}, C.~N.},
        title = "{CO(1-0) survey of high-z radio galaxies: alignment of molecular halo gas with distant radio sources}",
      journal = {Monthly Notices of the Royal Astronomical Society},
     keywords = {galaxies: active, galaxies: evolution, galaxies: haloes, galaxies: high-redshift, galaxies: jets, radio lines: galaxies, Astrophysics - Astrophysics of Galaxies, Astrophysics - Cosmology and Nongalactic Astrophysics},
         year = "2014",
        month = "Mar",
       volume = {438},
       number = {4},
        pages = {2898-2915},
          doi = {10.1093/mnras/stt2398},
archivePrefix = {arXiv},
       eprint = {1312.4785},
 primaryClass = {astro-ph.GA},
       adsurl = {https://ui.adsabs.harvard.edu/abs/2014MNRAS.438.2898E},
      adsnote = {Provided by the SAO/NASA Astrophysics Data System}
}

@ARTICLE{deBreuck2005,
       author = {{De Breuck}, C. and {Downes}, D. and {Neri}, R. and {van Breugel}, W. and
         {Reuland}, M. and {Omont}, A. and {Ivison}, R.},
        title = "{Detection of two massive CO systems in 4C 41.17 at z = 3.8}",
      journal = {Astronomy and Astrophysics},
     keywords = {galaxies: individual: 4C 41.17, galaxies: active, galaxies: formation, radio lines: galaxies, Astrophysics},
         year = "2005",
        month = "Jan",
       volume = {430},
        pages = {L1-L4},
          doi = {10.1051/0004-6361:200400115},
archivePrefix = {arXiv},
       eprint = {astro-ph/0411732},
 primaryClass = {astro-ph},
       adsurl = {https://ui.adsabs.harvard.edu/abs/2005A&A...430L...1D},
      adsnote = {Provided by the SAO/NASA Astrophysics Data System}
}

@ARTICLE{Gullberg2016b,
       author = {{Gullberg}, Bitten and {Lehnert}, Matthew D. and {De Breuck}, Carlos and
         {Branchu}, Steve and {Dannerbauer}, Helmut and {Drouart}, Guillaume and
         {Emonts}, Bjorn and {Guillard}, Pierre and {Hatch}, Nina and
         {Nesvadba}, Nicole P.~H. and {Omont}, Alain and {Seymour}, Nick and
         {Vernet}, Jo{\"e}l},
        title = "{ALMA finds dew drops in the dusty spider's web}",
      journal = {Astronomy and Astrophysics},
     keywords = {galaxies: evolution, galaxies: high-redshift, galaxies: active, galaxies: ISM, Galaxy: halo, Astrophysics - Astrophysics of Galaxies},
         year = "2016",
        month = "Jun",
       volume = {591},
          eid = {A73},
        pages = {A73},
          doi = {10.1051/0004-6361/201527647},
archivePrefix = {arXiv},
       eprint = {1602.04823},
 primaryClass = {astro-ph.GA},
       adsurl = {https://ui.adsabs.harvard.edu/abs/2016A&A...591A..73G},
      adsnote = {Provided by the SAO/NASA Astrophysics Data System}
}

@ARTICLE{Emonts2015,
       author = {{Emonts}, B.~H.~C. and {Mao}, M.~Y. and {Stroe}, A. and
         {Pentericci}, L. and {Villar-Mart{\'\i}n}, M. and {Norris}, R.~P. and
         {Miley}, G. and {De Breuck}, C. and {van Moorsel}, G.~A. and
         {Lehnert}, M.~D. and {Carilli}, C.~L. and {R{\"o}ttgering}, H.~J.~A. and
         {Seymour}, N. and {Sadler}, E.~M. and {Ekers}, R.~D. and {Drouart}, G. and
         {Feain}, I. and {Colina}, L. and {Stevens}, J. and {Holt}, J.},
        title = "{A CO-rich merger shaping a powerful and hyperluminous infrared radio galaxy at z = 2: the Dragonfly Galaxy}",
      journal = {Monthly Notices of the Royal Astronomical Society},
     keywords = {ISM: jets and outflows, galaxies: active, galaxies: high-redshift, galaxies: individual: MRC 0152-209, galaxies: interactions, galaxies: starburst, Astrophysics - Astrophysics of Galaxies},
         year = "2015",
        month = "Jul",
       volume = {451},
       number = {1},
        pages = {1025-1035},
          doi = {10.1093/mnras/stv930},
archivePrefix = {arXiv},
       eprint = {1505.00949},
 primaryClass = {astro-ph.GA},
       adsurl = {https://ui.adsabs.harvard.edu/abs/2015MNRAS.451.1025E},
      adsnote = {Provided by the SAO/NASA Astrophysics Data System}
}

@ARTICLE{PapadopoulosGreve2004,
       author = {{Papadopoulos}, Padeli P. and {Greve}, Thomas R.},
        title = "{C I Emission in Ultraluminous Infrared Galaxies as a Molecular Gas Mass Tracer}",
      journal = {The Astrophysical Journal},
     keywords = {Galaxies: Individual: NGC Number: NGC 6240, Galaxies: Individual: Name: Arp 220, Galaxies: Starburst, ISM: Atoms, ISM: Molecules, Astrophysics},
         year = "2004",
        month = "Nov",
       volume = {615},
       number = {1},
        pages = {L29-L32},
          doi = {10.1086/426059},
archivePrefix = {arXiv},
       eprint = {astro-ph/0409559},
 primaryClass = {astro-ph},
       adsurl = {https://ui.adsabs.harvard.edu/abs/2004ApJ...615L..29P},
      adsnote = {Provided by the SAO/NASA Astrophysics Data System}
}

@ARTICLE{Emonts2016,
       author = {{Emonts}, B.~H.~C. and {Lehnert}, M.~D. and {Villar-Mart{\'\i}n}, M. and
         {Norris}, R.~P. and {Ekers}, R.~D. and {van Moorsel}, G.~A. and
         {Dannerbauer}, H. and {Pentericci}, L. and {Miley}, G.~K. and
         {Allison}, J.~R. and {Sadler}, E.~M. and {Guillard}, P. and
         {Carilli}, C.~L. and {Mao}, M.~Y. and {R{\"o}ttgering}, H.~J.~A. and
         {De Breuck}, C. and {Seymour}, N. and {Gullberg}, B. and
         {Ceverino}, D. and {Jagannathan}, P. and {Vernet}, J. and
         {Indermuehle}, B.~T.},
        title = "{Molecular gas in the halo fuels the growth of a massive cluster galaxy at high redshift}",
      journal = {Science},
     keywords = {ASTRONOMY, Astrophysics - Astrophysics of Galaxies},
         year = "2016",
        month = "Dec",
       volume = {354},
       number = {6316},
        pages = {1128-1130},
          doi = {10.1126/science.aag0512},
archivePrefix = {arXiv},
       eprint = {1612.00387},
 primaryClass = {astro-ph.GA},
       adsurl = {https://ui.adsabs.harvard.edu/abs/2016Sci...354.1128E},
      adsnote = {Provided by the SAO/NASA Astrophysics Data System}
}

@ARTICLE{Miley2006,
       author = {{Miley}, George K. and {Overzier}, Roderik A. and {Zirm}, Andrew W. and
         {Ford}, Holland C. and {Kurk}, Jaron and {Pentericci}, Laura and
         {Blakeslee}, John P. and {Franx}, Marijn and {Illingworth}, Garth D. and
         {Postman}, Marc and {Rosati}, Piero and {R{\"o}ttgering}, Huub J.~A. and
         {Venemans}, Bram P. and {Helder}, Eveline},
        title = "{The Spiderweb Galaxy: A Forming Massive Cluster Galaxy at z \raisebox{-0.5ex}\textasciitilde 2}",
      journal = {The Astrophysical Journal},
     keywords = {Galaxies: Active, Galaxies: Clusters: General, Galaxies: Elliptical and Lenticular, cD, Galaxies: High-Redshift, Astrophysics},
         year = "2006",
        month = "Oct",
       volume = {650},
       number = {1},
        pages = {L29-L32},
          doi = {10.1086/508534},
archivePrefix = {arXiv},
       eprint = {astro-ph/0610909},
 primaryClass = {astro-ph},
       adsurl = {https://ui.adsabs.harvard.edu/abs/2006ApJ...650L..29M},
      adsnote = {Provided by the SAO/NASA Astrophysics Data System}
}

@ARTICLE{Man2019,
       author = {{Man}, Allison W.~S. and {Lehnert}, Matthew D. and
         {Vernet}, Jo{\"e}l D.~R. and {De Breuck}, Carlos and
         {Falkendal}, Theresa},
        title = "{Quenching by gas compression and consumption. A case study of a massive radio galaxy at z = 2.57}",
      journal = {\aap},
     keywords = {galaxies: evolution, galaxies: high-redshift, galaxies: jets, galaxies: starburst, galaxies: star clusters: general, ultraviolet: stars, Astrophysics - Astrophysics of Galaxies, Astrophysics - Cosmology and Nongalactic Astrophysics},
         year = "2019",
        month = "Apr",
       volume = {624},
          eid = {A81},
        pages = {A81},
          doi = {10.1051/0004-6361/201834542},
archivePrefix = {arXiv},
       eprint = {1902.08622},
 primaryClass = {astro-ph.GA},
       adsurl = {https://ui.adsabs.harvard.edu/abs/2019A&A...624A..81M},
      adsnote = {Provided by the SAO/NASA Astrophysics Data System}
}

@ARTICLE{Popping2017,
       author = {{Popping}, Gerg{\"o} and {Decarli}, Roberto and {Man}, Allison W.~S. and
         {Nelson}, Erica J. and {B{\'e}thermin}, Matthieu and
         {De Breuck}, Carlos and {Mainieri}, Vincenzo and
         {van Dokkum}, Pieter G. and {Gullberg}, Bitten and {van Kampen}, Eelco},
        title = "{ALMA reveals starburst-like interstellar medium conditions in a compact star-forming galaxy at z   2 using [CI] and CO}",
      journal = {\aap},
     keywords = {galaxies: high-redshift, galaxies: evolution, galaxies: ISM, ISM: atoms, ISM: molecules, ISM: lines and bands, Astrophysics - Astrophysics of Galaxies},
         year = "2017",
        month = "Jun",
       volume = {602},
          eid = {A11},
        pages = {A11},
          doi = {10.1051/0004-6361/201730391},
archivePrefix = {arXiv},
       eprint = {1703.05764},
 primaryClass = {astro-ph.GA},
       adsurl = {https://ui.adsabs.harvard.edu/abs/2017A&A...602A..11P},
      adsnote = {Provided by the SAO/NASA Astrophysics Data System}
}

@ARTICLE{Bothwell2017,
       author = {{Bothwell}, M.~S. and {Aguirre}, J.~E. and {Aravena}, M. and
         {Bethermin}, M. and {Bisbas}, T.~G. and {Chapman}, S.~C. and
         {De Breuck}, C. and {Gonzalez}, A.~H. and {Greve}, T.~R. and
         {Hezaveh}, Y.},
        title = "{ALMA observations of atomic carbon in z ̃ 4 dusty star-forming galaxies}",
      journal = {\mnras},
     keywords = {gravitational lensing: strong, galaxies: evolution, galaxies: formation, galaxies: high-redshift, galaxies: ISM, Astrophysics - Astrophysics of Galaxies},
         year = "2017",
        month = "Apr",
       volume = {466},
       number = {3},
        pages = {2825-2841},
          doi = {10.1093/mnras/stw3270},
archivePrefix = {arXiv},
       eprint = {1612.04380},
 primaryClass = {astro-ph.GA},
       adsurl = {https://ui.adsabs.harvard.edu/abs/2017MNRAS.466.2825B},
      adsnote = {Provided by the SAO/NASA Astrophysics Data System}
}

@ARTICLE{Andreani2018,
       author = {{Andreani}, Paola and {Retana-Montenegro}, Edwin and {Zhang}, Zhi-Yu and
         {Papadopoulos}, Padelis and {Yang}, Chentao and {Vegetti}, Simona},
        title = "{Extreme conditions in the molecular gas of lensed star-forming galaxies at z  3}",
      journal = {\aap},
     keywords = {galaxies: starburst, galaxies: ISM, ISM: molecules, ISM: abundances, submillimeter: galaxies, techniques: spectroscopic, Astrophysics - Astrophysics of Galaxies, Astrophysics - Cosmology and Nongalactic Astrophysics},
         year = "2018",
        month = "Jul",
       volume = {615},
          eid = {A142},
        pages = {A142},
          doi = {10.1051/0004-6361/201732560},
archivePrefix = {arXiv},
       eprint = {1802.07430},
 primaryClass = {astro-ph.GA},
       adsurl = {https://ui.adsabs.harvard.edu/abs/2018A&A...615A.142A},
      adsnote = {Provided by the SAO/NASA Astrophysics Data System}
}

@ARTICLE{Nesvadba2019,
       author = {{Nesvadba}, N.~P.~H. and {Ca{\~n}ameras}, R. and {Kneissl}, R. and
         {Koenig}, S. and {Yang}, C. and {Le Floc'h}, E. and {Omont}, A. and
         {Scott}, D.},
        title = "{Planck's Dusty GEMS. VII. Atomic carbon and molecular gas in dusty starburst galaxies at z = 2 to 4}",
      journal = {\aap},
     keywords = {galaxies: high-redshift, galaxies: formation, galaxies: starburst, galaxies: abundances, Astrophysics - Astrophysics of Galaxies},
         year = "2019",
        month = "Apr",
       volume = {624},
          eid = {A23},
        pages = {A23},
          doi = {10.1051/0004-6361/201833777},
archivePrefix = {arXiv},
       eprint = {1812.04653},
 primaryClass = {astro-ph.GA},
       adsurl = {https://ui.adsabs.harvard.edu/abs/2019A&A...624A..23N},
      adsnote = {Provided by the SAO/NASA Astrophysics Data System}
}

@ARTICLE{Lelli2018,
       author = {{Lelli}, Federico and {De Breuck}, Carlos and {Falkendal}, Theresa and
         {Fraternali}, Filippo and {Man}, Allison W.~S. and
         {Nesvadba}, Nicole P.~H. and {Lehnert}, Matthew D.},
        title = "{Neutral versus ionized gas kinematics at z ≃ 2.6: the AGN-host starburst galaxy PKS 0529-549}",
      journal = {\mnras},
     keywords = {galaxies: active, galaxies: evolution, galaxies: individual: PKS 0529-549, galaxies: kinematics and dynamics, galaxies: starburst, \&lt;italic\&gt;(cosmology:)\&lt;/italic\&gt; dark matter, Astrophysics - Astrophysics of Galaxies, Astrophysics - Cosmology and Nongalactic Astrophysics},
         year = "2018",
        month = "Oct",
       volume = {479},
       number = {4},
        pages = {5440-5447},
          doi = {10.1093/mnras/sty1795},
archivePrefix = {arXiv},
       eprint = {1807.03321},
 primaryClass = {astro-ph.GA},
       adsurl = {https://ui.adsabs.harvard.edu/abs/2018MNRAS.479.5440L},
      adsnote = {Provided by the SAO/NASA Astrophysics Data System}
}

@ARTICLE{Emonts2018,
       author = {{Emonts}, B.~H.~C. and {Lehnert}, M.~D. and {Dannerbauer}, H. and
         {De Breuck}, C. and {Villar-Mart{\'\i}n}, M. and {Miley}, G.~K. and
         {Allison}, J.~R. and {Gullberg}, B. and {Hatch}, N.~A. and
         {Guillard}, P.},
        title = "{Giant galaxy growing from recycled gas: ALMA maps the circumgalactic molecular medium of the Spiderweb in [C I]}",
      journal = {\mnras},
     keywords = {galaxies: clusters: intracluster medium, galaxies: haloes, galaxies: high-redshift, galaxies: individual: MRC1138-262, intergalactic medium, Astrophysics - Astrophysics of Galaxies},
         year = "2018",
        month = "Jun",
       volume = {477},
       number = {1},
        pages = {L60-L65},
          doi = {10.1093/mnrasl/sly034},
archivePrefix = {arXiv},
       eprint = {1802.08742},
 primaryClass = {astro-ph.GA},
       adsurl = {https://ui.adsabs.harvard.edu/abs/2018MNRAS.477L..60E},
      adsnote = {Provided by the SAO/NASA Astrophysics Data System}
}

@ARTICLE{Alaghband-Zadeh2013,
       author = {{Alaghband-Zadeh}, S. and {Chapman}, S.~C. and {Swinbank}, A.~M. and
         {Smail}, Ian and {Danielson}, A.~L.~R. and {Decarli}, R. and
         {Ivison}, R.~J. and {Meijerink}, R. and {Weiss}, A. and
         {van der Werf}, Paul. P.},
        title = "{Using [C I] to probe the interstellar medium in z ̃ 2.5 sub-millimeter galaxies}",
      journal = {\mnras},
     keywords = {galaxies: evolution, galaxies: high redshift, galaxies: ISM, galaxies: starburst, Astrophysics - Cosmology and Nongalactic Astrophysics},
         year = "2013",
        month = "Oct",
       volume = {435},
       number = {2},
        pages = {1493-1510},
          doi = {10.1093/mnras/stt1390},
archivePrefix = {arXiv},
       eprint = {1307.6593},
 primaryClass = {astro-ph.CO},
       adsurl = {https://ui.adsabs.harvard.edu/abs/2013MNRAS.435.1493A},
      adsnote = {Provided by the SAO/NASA Astrophysics Data System}
}

@ARTICLE{McCarthy1993,
       author = {{McCarthy}, Patrick J.},
        title = "{Distant Radio Galaxies in the Near-IR}",
      journal = {\pasp},
     keywords = {Astrometry, Near Infrared Radiation, Radio Galaxies, Radio Sources (Astronomy), Sky Surveys (Astronomy), Star Formation, Astronomical Photometry, Cosmology, Red Shift, Southern Hemisphere, Astrophysics, INFRARED: GALAXIES},
         year = "1993",
        month = "Sep",
       volume = {105},
        pages = {1051},
          doi = {10.1086/133281},
       adsurl = {https://ui.adsabs.harvard.edu/abs/1993PASP..105.1051M},
      adsnote = {Provided by the SAO/NASA Astrophysics Data System}
}

@BOOK{OsterbrockFerland2006,
       author = {{Osterbrock}, Donald E. and {Ferland}, Gary J.},
        title = "{Astrophysics of gaseous nebulae and active galactic nuclei}",
         year = "2006",
       adsurl = {https://ui.adsabs.harvard.edu/abs/2006agna.book.....O},
      adsnote = {Provided by the SAO/NASA Astrophysics Data System}
}

@ARTICLE{Reuland2003a,
       author = {{Reuland}, Michiel and {van Breugel}, Wil and {R{\"o}ttgering}, Huub and
         {de Vries}, Wim and {Stanford}, S.~A. and {Dey}, Arjun and
         {Lacy}, Mark and {Bland-Hawthorn}, Joss and {Dopita}, Michael and
         {Miley}, George},
        title = "{Giant Ly{\ensuremath{\alpha}} Nebulae Associated with High-Redshift Radio Galaxies}",
      journal = {\apj},
     keywords = {Galaxies: Formation, Galaxies: High-Redshift, Galaxies: Quasars: Emission Lines, Stars: Formation, Astrophysics},
         year = "2003",
        month = "Aug",
       volume = {592},
       number = {2},
        pages = {755-766},
          doi = {10.1086/375619},
archivePrefix = {arXiv},
       eprint = {astro-ph/0303637},
 primaryClass = {astro-ph},
       adsurl = {https://ui.adsabs.harvard.edu/abs/2003ApJ...592..755R},
      adsnote = {Provided by the SAO/NASA Astrophysics Data System}
}


@INPROCEEDINGS{Barret2016,
       author = {{Barret}, Didier and {Lam Trong}, Thien and {den Herder}, Jan-Willem and
         {Piro}, Luigi and {Barcons}, Xavier and {Huovelin}, Juhani and
         {Kelley}, Richard and {Mas-Hesse}, J. Miguel and {Mitsuda}, Kazuhisa and
         {Paltani}, St{\'e}phane and {Rauw}, Gregor and {Ro{\.Z}anska}, Agata and
         {Wilms}, Joern and {Barbera}, Marco and {Bozzo}, Enrico and
         {Ceballos}, Maria Teresa and {Charles}, Ivan and {Decourchelle}, Anne and
         {den Hartog}, Roland and {Duval}, Jean-Marc and {Fiore}, Fabrizio and
         {Gatti}, Flavio and {Goldwurm}, Andrea and {Jackson}, Brian and
         {Jonker}, Peter and {Kilbourne}, Caroline and {Macculi}, Claudio and
         {Mendez}, Mariano and {Molendi}, Silvano and {Orleanski}, Piotr and
         {Pajot}, Fran{\c{c}}ois and {Pointecouteau}, Etienne and
         {Porter}, Frederick and {Pratt}, Gabriel W. and {Pr{\^e}le}, Damien and
         {Ravera}, Laurent and {Renotte}, Etienne and {Schaye}, Joop and
         {Shinozaki}, Keisuke and {Valenziano}, Luca and {Vink}, Jacco and
         {Webb}, Natalie and {Yamasaki}, Noriko and
         {Delcelier-Douchin}, Fran{\c{c}}oise and {Le Du}, Michel and
         {Mesnager}, Jean-Michel and {Pradines}, Alice and {Brand
        uardi-Raymont}, Graziella and {Dadina}, Mauro and {Finoguenov}, Alexis and
         {Fukazawa}, Yasushi and {Janiuk}, Agnieszka and {Miller}, Jon and
         {Naz{\'e}}, Ya{\"e}l. and {Nicastro}, Fabrizio and
         {Sciortino}, Salvatore and {Torrejon}, Jose Miguel and
         {Geoffray}, Herv{\'e} and {Hernandez}, Isabelle and {Luno}, Laure and
         {Peille}, Philippe and {Andr{\'e}}, J{\'e}r{\^o}me and
         {Daniel}, Christophe and {Etcheverry}, Christophe and
         {Gloaguen}, Emilie and {Hassin}, J{\'e}r{\'e}mie and {Hervet}, Gilles and
         {Maussang}, Irwin and {Moueza}, J{\'e}r{\^o}me and {Paillet}, Alexis and
         {Vella}, Bruno and {Campos Garrido}, Gonzalo and
         {Damery}, Jean-Charles and {Panem}, Chantal and {Panh}, Johan and {Band
        ler}, Simon and {Biffi}, Jean-Marc and {Boyce}, Kevin and
         {Cl{\'e}net}, Antoine and {DiPirro}, Michael and {Jamotton}, Pierre and
         {Lotti}, Simone and {Schwander}, Denis and {Smith}, Stephen and
         {van Leeuwen}, Bert-Joost and {van Weers}, Henk and {Brand}, Thorsten and
         {Cobo}, Beatriz and {Dauser}, Thomas and {de Plaa}, Jelle and
         {Cucchetti}, Edoardo},
        title = "{The Athena X-ray Integral Field Unit (X-IFU)}",
     keywords = {Astrophysics - Instrumentation and Methods for Astrophysics, Astrophysics - Cosmology and Nongalactic Astrophysics, Astrophysics - Astrophysics of Galaxies, Astrophysics - High Energy Astrophysical Phenomena},
    booktitle = {\procspie},
         year = "2016",
       series = {Society of Photo-Optical Instrumentation Engineers (SPIE) Conference Series},
       volume = {9905},
        month = "Jul",
          eid = {99052F},
        pages = {99052F},
          doi = {10.1117/12.2232432},
archivePrefix = {arXiv},
       eprint = {1608.08105},
 primaryClass = {astro-ph.IM},
       adsurl = {https://ui.adsabs.harvard.edu/abs/2016SPIE.9905E..2FB},
      adsnote = {Provided by the SAO/NASA Astrophysics Data System}
}

















